4950 6578
1024 690 1093 755 112

187 876 351 963 κλαιούσης
374 873 444 944 λύτο
466 873 616 960 γούνατα“
644 913 680 924 -
706 903 723 941 υ
745 880 787 939 92
810 884 830 962 ψ
854 878 945 959 205²)
975 913 1012 923 -
1067 875 1186 946 ἔκτασις
1209 876 1325 959 ἐγένετο
1350 872 1453 938 διὰτὸ
1478 875 1595 960 μέτρον.
1642 877 1669 936 εί
1696 873 1729 938 δὲ
1750 898 1893 960 παρατα-

187 985 306 1055 ἔκτασις
329 982 445 1066 ἐγένετο
469 976 574 1045 διὰτὸ
598 981 714 1064 μέτρον.
762 982 790 1044 εἰ
817 977 850 1043 δὲ
871 1002 1013 1063 παματα-
1066 975 1146 1043 τικόν
1162 1004 1239 1050 τινες
1255 979 1442 1064 ἐκδέχονται,
1465 974 1588 1043 δύναται
1604 983 1707 1063 κρᾶσις
1723 984 1774 1042 τοῦ
1790 975 1892 1043 ἐλύετο

188 1082 268 1152 τικόν
290 1110 367 1157 τινες
389 1085 580 1170 ἐκδέχονται,
614 1078 769 1164 ulutatu
805 1081 884 1146 εἶναι
911 1086 1014 1167 κρᾶσις
1067 1083 1249 1166 γεγενῆσθαι
1266 1075 1376 1167 ,ὥσπερ
1406 1080 1454 1145 ἐπὶ
1481 1086 1533 1146 τοῦ
1557 1076 1660 1167 ἰχθύες
1684 1082 1789 1167 ἰχθῦς,
1822 1077 1892 1166 μύες

188 1188 320 1255 ἀπὸτοῦ
342 1182 445 1251 ἐλύετο
468 1190 549 1264 λῦτο,
576 1183 617 1258 ὡς
639 1184 672 1251 τό
696 1181 821 1271 ῥύεσθαι
839 1185 948 1269 ῥῦσθαι
962 1182 1013 1249 καὶ
1066 1189 1133 1269 μῦς,
1160 1181 1285 1268 ῥύεσθαι
1308 1186 1417 1269 ῥῦσθαι
1442 1179 1578 1261 ,πάντων
1600 1181 1767 1270 ἀνθρώπων
1784 1187 1893 1269 ῥῦσθαι

189 1286 291 1379 ἰχθύες
315 1291 413 1376 ἰχθῦς.
460 1283 480 1375 ἢ
511 1286 569 1354 ἀπὸ
597 1295 650 1355 τοῦ
680 1289 785 1355 λέλυτο
814 1282 856 1360 ιῦς
885 1288 1012 1373 βέβλητο
1064 1283 1169 1372 γενεήν
1192 1312 1224 1353 τε
1246 1283 1332 1352 τόκον
1355 1294 1406 1352 τε“
1433 1290 1513 1349 -0
1542 1291 1596 1350 141
1619 1325 1670 1350 -.
1716 1282 1736 1374 ἢ
1761 1285 1894 1353 ἀπὸτοῦ

187 1398 289 1482 βλῆτο.
1064 1391 1169 1455 λέλυτο
1193 1385 1262 1455 λύτο
1272 1391 1294 1474 ⁴)
1322 1386 1362 1463 ὡς
1385 1391 1512 1477 βέβλητο
1535 1392 1636 1476 βλῆτο.

274 1516 290 1580 11
311 1512 376 1567 hinc
394 1512 480 1567 redde
498 1513 590 1582 Etym.
610 1510 701 1582 λέγων.
751 1511 769 1574 θ
791 1509 879 1565 verbu
895 1517 942 1579 τῆς
961 1507 983 1563 δ’
1004 1511 1054 1581 ἅμα
1072 1509 1209 1580 κλαιούσης
1227 1509 1288 1562 >ulto
1307 1509 1416 1579 γούνατα
1434 1509 1581 1564 memoriae
1600 1510 1678 1579 lapsu
1696 1509 1812 1564 confusa
1830 1527 1892 1566 εεεε

186 1617 222 1656 ox
239 1607 286 1671 τῆς
304 1596 427 1654 δ”αὐτοῦ
445 1599 506 1652 λύτο
524 1597 634 1670 γούνατα
653 1597 729 1649 δἰθθ
747 1601 777 1651 ot
793 1603 840 1666 τῆς
859 1589 887 1648 θ’
903 1595 953 1667 ἄρα
969 1595 1108 1665 κλαιούσης
1127 1595 1178 1648 ὄπα
1196 1594 1301 1649 σύνθετο
1319 1596 1374 1654 δῖος
1393 1595 1525 1654 Ὀδυσσεύς
1543 1597 1603 1648 09⁴2
1622 1595 1753 1650 videnlur
1766 1596 1890 1651 Lehrslo.

186 1687 206 1751 ³5
227 1684 380 1756 Sequentia
397 1685 482 1754 paulo
501 1684 626 1739 auctiora
643 1683 672 1736 lu
690 1681 790 1737 νεύει.
812 1679 848 1734 A.
885 1682 904 1745 ⁴)
926 1681 1006 1736 deest
1022 1683 1050 1736 in
1069 1681 1103 1734 E.
1123 1681 1159 1735 Μ.

455 1974 494 2040 ιε.
520 1975 563 2039 ιι.
591 1977 664 2056 εει,
693 1979 742 2037 ιε.
1015 1876 1065 1936 ω’
1313 1972 1350 2036 ι..
1376 1973 1493 2039 Horou.
1521 1972 1643 2037 6316.

191 2095 381 2186 ,μόρφνονίίε
410 2091 561 2182 ,μόρφνον
584 2097 760 2181 [lupqfiugfla
783 2095 1010 2263 -58293162
1069 2092 1259 2182 ,μόρφνον“;
1287 2089 1327 2167 ὡς
1350 2087 1449 2159 θπνον.
1490 2087 1598 2158 καί”
1564 2120 1657 2167 ουτως
1679 2090 1787 2180 ἔχειὴ
1768 2089 1891 2178 ηάνοί-

189 2301 324 2391 μόμπτω,
348 2329 381 2369 το
369 2298 684 2388 καταλαμβάνω,’
652 2327 765 2387 γινεται
782 2298 922 2388 μόρπνος.
963 2301 1014 2367 καὶ
1065 2295 1179 2390 όρφνην
1178 2223 1436 2388 ἐσχημάτισται,
1462 2249 1679 2374 πλεονάσαντος
1702 2306 1753 2365 τοῦ
1777 2328 1798 2384 μ
1820 2297 1888 2366 κατ’

188 2413 281 2495 τροπῇ
306 2412 358 2471 τοῦ
381 2431 400 2471 α
423 2408 465 2479 εἰς
489 2431 522 2486 ο,
547 2404 599 2470 καί
620 2410 673 2471 τοῦ
694 2431 716 2468 π
738 2406 781 2478 εἰς
803 2430 843 2492 φ,
869 2400 1011 2527 μόρφνος,
1067 2402 1183 2526 ἀρχήν,
1215 2403 1265 2468 ἵνα
1289 2404 1471 2489 σημαίνηται
1493 2399 1509 2469 6
1533 2402 1703 2489 μέλας,
1673 2430 1733 2470 ειτε
1754 2400 1837 2490 παρὰ
1858 2401 1892 2469 τό

188 2507 204 2576 6
235 2506 485 2597 καταλαμβάνων.
539 2511 569 2580 ἐξ
599 2501 635 2574 οὗ
669 2487 884 2593 σημαίνεται
876 2534 891 2572 ο
920 2503 1014 2631 τμχθς
1067 2504 1190 2594 μόρπτω
1222 2506 1355 2597 μόρφνος
1385 2507 1447 2572 ἐστὶ
1477 2532 1528 2571 και
1559 2503 1638 2594 μόρμ
1641 2534 1689 2581 νος
1712 2503 1727 2571 ό
1752 2510 1891 2591 συλλαμ-

188 2613 240 2678 καί
264 2609 387 2687 δυνατός
410 2607 661 2710 καταλαμβάνειν.
710 2605 835 2695 ἢπαμὰ
857 2635 910 2696 την
933 2603 1013 2696 όρφ-
1067 2608 1185 2698 βαίνων,
1217 2615 1247 2686 ἐξ
1270 2607 1305 2677 οὗ
1329 2612 1506 2697 σημαίνεται
1528 2606 1544 2674 6
1567 2605 1672 2696 ταχύς,
1697 2606 1774 2675 κατά
1795 2606 1892 2675 πάντα

188 2741 254 2838 νην,
276 2719 333 2780 πλε
319 2720 457 2837 εονασμῷ
478 2717 541 2780 τοῦ
549 2741 581 2799 μ,
608 2739 656 2779 ινα
676 2713 857 2800 σημαίνηται
873 2739 889 2777 ο
874 2709 1082 2799 μέλαςτ
1065 2711 1172 2801 τρόπον
1201 2713 1318 2802 ὀφείλει
1344 2710 1528 2802 βαρύνεσθαι
1551 2710 1602 2777 διό
1623 2738 1655 2777 τε
1677 2709 1743 2785 τοὺς
1765 2738 1892 2799 σχημα-

103 2869 109 2885 .
188 2823 216 2885 οἱ
240 2819 273 2883 δέ
294 2844 377 2905 παρα
357 2815 431 2883 ατο
419 2811 570 2904 ’ς’θμέμο
554 2813 681 2904 ημόρος
669 2813 791 2881 καί
762 2841 795 2882 το
811 2841 901 2904 φονος
918 2842 1014 2904 μομο-
1067 2817 1187 2904 τισμούς
1211 2819 1262 2885 καί
1284 2816 1333 2884 τόν
1356 2823 1546 2906 χαρακτῆρα.
1585 2815 1622 2881 τὰ
1644 2813 1702 2903 γὰρ
1725 2804 1891 2901 είςοςλή-

189 2918 302 3009 φόνος,
321 2920 412 2988 οἱονεί
435 2917 451 2986 ὃ
475 2917 526 2985 διὰ
549 2916 642 3010 μόρου
665 2915 755 3006 φόνον
778 2920 928 3007 ἐπιφέρων
951 2922 1015 2993 ταῖς
1067 2946 1157 3007 γοντα
1172 2919 1365 3009 «δισύλλαβα,
1397 2920 1439 3008 μη
1469 2921 1579 3008 ἔχοντα
1600 2915 1891 3042 παρασχηματισμόν
1976 2992 1989 3014 ⁸

188 3019 320 3112 όμνισιν,
355 3021 371 3090 6
403 3024 607 3110 μεμομημένυς
636 3021 687 3087 καί
716 3024 918 3122 πεπονημένος
947 3022 1015 3110 περί
1069 3026 1202 3110 θηλυκοῦ
1224 3024 1382 3112 γένους,
1364 3050 1475 3112 εχοντα
1496 3050 1591 3111 πμοτ
1575 3021 1724 3097 τέλους
1693 3049 1745 3108 την
1762 3048 1795 3109 ομ
1814 3027 1891 3088 σολ-

189 3125 255 3202 tol<
277 3124 405 3214 φόνους·
430 3124 481 3191 καί
503 3132 636 3212 συγκοπῇ
660 3131 719 3191 τῶν
739 3126 792 3192 δύο
812 3153 858 3205 σο,
884 3123 1014 3213 μόρφνος
1067 3125 1164 3214 λαβην
1185 3125 1283 3195 πάντα
1304 3126 1482 3252 βαρύνεται,
1514 3124 1741 3212 ὑπεσταλμένον
1768 3133 1826 3191 τῶν
1849 3128 1892 3199 είς

190 3227 206 3296 6
237 3227 351 3317 φόνιος.
398 3225 576 3315 βαρύνεται·
607 3226 644 3294 τὰ
673 3228 731 3316 γὰρ
760 3231 803 3303 είς
825 3218 859 3303 o}
885 3226 1015 3314 λήγοντα
1068 3258 1122 3317 μσς
1144 3228 1309 3354 ληγόντων,
1333 3231 1396 3297 οἷον
1417 3227 1536 3352 χόρτος,
1561 3228 1680 3352 φόρτος,
1704 3221 1851 3315 όρκος,”
1833 3253 1891 3352 ομ·-

189 3328 356 3419 δισύλλαβα
379 3328 420 3417 μη
442 3331 553 3418 ἔχοντα
569 3329 864 3419 παρασχηματισμόν
881 3334 1015 3417 θηλυκοῦ
1067 3332 1171 3408 θος
1142 3361 1175 3399 το
1200 3335 1377 3460 μμνογενές,
1392 3331 1512 3420 πόρνος.
1551 3325 1807 3419 οόγαρθηλυκόν
1831 3328 1891 3397 αό-

188 3437 310 3522 γένυυς,
345 3435 456 3522 ἔχοντα
484 3432 540 3522 πρὸ
568 3435 671 3508 τέλους
700 3432 753 3520 τήν
781 3423 818 3520 όμ
848 3431 1013 3521 συλλαβήν,
1067 3443 1118 3503 τοῦ
1140 3435 1173 3502 τό
1196 3434 1303 3525 πόμνη.
1343 3433 1436 3510 οὕτως
1461 3436 1493 3501 δέ
1516 3438 1600 3501 θέλει
1620 3461 1673 3500 και
1694 3433 1727 3501 τό
1749 3430 1887 3522 πτόρθος.

187 3536 284 3604 πάντα
300 3533 472 3626 βαρύνεται,
496 3533 725 3622 ὑπεσταλμένον
744 3543 803 3602 τῶν
818 3539 861 3611 είς
877 3525 934 3623 μσς
953 3542 1014 3623 λη-
1067 3534 1160 3614 οῦτως
1184 3537 1323 3627 μόρφνος.
1367 3536 1563 3626 παρεφύλαξα
1586 3539 1619 3605 δὲ
1640 3537 1677 3604 τὰ
1700 3540 1741 3612 είς
1764 3528 1819 3624 μσς
1842 3534 1892 3603 διὰ

187 3639 311 3727 γόντων.
348 3640 410 3707 οἷον
426 3633 528 3728 όμθος,
544 3637 577 3706 τό
594 3641 762 3726 μονογενές,
781 3636 901 3728 φόρτος,
918 3637 1014 3728 πτόμ-
1066 3641 1099 3709 τό
1123 3641 1245 3730 κορμός,
1269 3640 1394 3731 φορμός.
1434 3641 1467 3708 τὸ
1491 3644 1591 3727 μέντοι
1612 3638 1736 3730 περκνός
1759 3638 1893 3713 ὀξύνεται

191 3747 242 3817 θος
264 3741 315 3809 καὶ
337 3740 479 3831 μόρφνος.
518 3740 692 3830 πρόσκειται
713 3742 750 3809 τὰ
773 3747 816 3818 εἰς
834 3732 894 3830 ’μυ-ς
916 3742 1013 3811 διὰτὸ
1066 3743 1177 3833 ὁμοίως
1206 3752 1250 3834 τῷ
1270 3743 1390 3820 πυκνός.
1438 3740 1531 3820 ούτως
1553 3744 1605 3811 καί
1627 3742 1643 3810 ό
1664 3741 1889 3830 Ἀσκαλωνίτης,

190 3842 317 3932 πορμός,
350 3843 475 3932 φορμός.
522 3844 554 3912 τό
585 3848 685 3931 μέντοι
712 3844 838 3931 περκνός
866 3843 1012 3926 ὀξύνεται,
1067 3846 1304 3936 μεταλαμβάνων
1327 3852 1370 3924 εἰς
1392 3848 1441 3915 τόν
1466 3851 1592 3935 μέλανα.
1636 3845 1768 3933 καὶέμολ
1785 3847 1818 3913 δὲ
1835 3850 1891 3913 δο-

188 3946 230 4023 ιός
254 3946 287 4014 τό
309 3942 430 4021 πυκνός.
472 3943 524 4027 ,όν
547 3947 598 4013 καί
620 3946 744 4036 περκνὸν
767 3949 946 4015 καλέουσιν“
974 3989 1011 3999 -
1066 3955 1112 4018 κεῖ
1133 3946 1227 4027 οότως
1249 3952 1331 4040 ἔχειν
1355 3949 1465 4039 ῦγιιῦς,
1497 3951 1563 4017 ἐπεὶ
1591 3947 1662 4016 οῦδὲ
1683 3946 1892 4038 παραλήγεται

188 4050 237 4119 τὸν
267 4048 356 4119 αὐτόν
385 4048 435 4117 τόν
466 4052 680 4139 προειρημένον
709 4052 835 4138 μέλανα.
889 4049 945 4139 ἀφ’
977 4049 1013 4120 οὗ
1065 4062 1101 4143 τῇ
1126 4044 1160 4143 ᾧ
1183 4058 1318 4143 συλλαβῇ
1342 4052 1383 4129 ὡς
1406 4053 1457 4122 καί
1478 4052 1516 4121 τό
1536 4055 1726 4142 προκείμενα.
1774 4050 1790 4119 6
1815 4055 1890 4138 μέν·

187 4153 239 4220 καί
259 4153 309 4220 τόν
333 4151 546 4240 μελαινόμενον
569 4152 682 4241 καρπόν
703 4154 862 4241 περιάξειν
878 4158 1009 4243 λέγουσι.
1064 4185 1111 4226 τοι
1128 4157 1319 4246 Ἀρίσταρχος
1348 4157 1437 4225 ἀετοῦ
1467 4157 1545 4231 εἶδος
1572 4155 1622 4222 καί
1645 4156 1786 4244 βαρύνει,
1818 4153 1886 4221 ἀλλ’

1065 4262 1190 4348 ἐπείσθη
1213 4259 1233 4348 ἡ
1256 4258 1422 4349 παράδοσις
1444 4265 1505 4336 τοῖς
1528 4258 1691 4334 όξύνουσιν.

274 4376 425 4433 Herodluul
443 4378 670 4436 aduolumeutum
687 4379 717 4434 lu
734 4379 767 4436 ll.
787 4379 826 4434 ll.
844 4381 997 4448 paullulum
1015 4381 1156 4438 turbatum
1175 4387 1227 4438 est.
1265 4381 1374 4439 Similis
1391 4381 1476 4438 habet
1493 4381 1572 4436 Eunt.
1596 4382 1671 4444 1352,
1691 4382 1716 4432 2.

872 4586 880 4597 '
1013 4575 1062 4635 ll.

455 4669 493 4735 Ε.
517 4671 563 4736 Μ.
588 4676 662 4754 615,
692 4678 742 4739 16.
1320 4676 1357 4740 L.
1383 4673 1503 4740 Herod.
1528 4672 1554 4739 E
1579 4678 1632 4738 39.

189 4785 340 4867 ,Ὁδίοςέέῑ
367 4787 423 4875 πρὸ
446 4791 548 4864 τέλους
570 4788 590 4877 η
613 4789 711 4864 ὀξεῖα·
737 4793 801 4859 ἐπεὶ
817 4790 919 4879 κύριόν
935 4797 1009 4859 ἐστι.
1066 4791 1215 4874 ,Ὀδίονίίε
1242 4793 1299 4882 πρὸ
1321 4795 1424 4866 τέλους
1446 4791 1574 4879 ἡόξεῖα,
1600 4792 1665 4859 ἐπεί
1680 4789 1781 4878 κύριόν
1797 4796 1889 4858 ἐστιν.

187 4888 220 4955 τό
243 4891 276 4956 δὲ
298 4889 515 4978 προσηγορικὸν
538 4888 619 4968 όόιος
642 4891 683 4968 ὡς
706 4892 831 4969 σκότιος.
1064 4894 1097 4962 τό
1121 4898 1154 4963 δὲ
1175 4897 1395 4984 προσηγορικὸν
1417 4891 1498 4970 ’όδιος
1522 4893 1562 4970 ὡς
1586 4894 1713 4970 σκότιος.
1761 4893 1889 4982 βούλον-

1063 5026 1113 5065 ται
1140 4997 1198 5086 γὰρ
1227 4998 1264 5066 τὰ
1292 5007 1417 5067 τοιαῦτα
1446 4995 1612 5087 τμιβμόχεα
1633 4999 1682 5064 ἐπί
1704 5000 1813 5084 κυρίων
1837 4999 1890 5084 μὲν

1063 5099 1252 5189 παροξύνειν,
1277 5103 1326 5168 ἐπί
1349 5103 1383 5168 δέ
1405 5109 1630 5190 προσηγορικῶν
1645 5098 1887 5187 πρυπαμοξόνειν,

1064 5205 1191 5293 Τυχίος,
1217 5206 1341 5286 Δολίος,
1368 5202 1424 5271 κᾶν
1447 5205 1488 5292 μή
1513 5230 1572 5293 σχη
1597 5202 1768 5290 διαστολήν,
1794 5200 1835 5278 ὡς
1857 5200 1890 5270 τό

1064 5308 1211 5398 Χρομίος.
1259 5309 1444 5394 Πτολεμαῖος
1467 5310 1568 5396 μέντοι
1589 5335 1623 5395 γε
1646 5303 1701 5372 κόν
1723 5314 1760 5395 τῇ
1779 5305 1888 5374 Ὀδυσ-

1648 5412 1684 5467 2.
