4844 6578
944 656 981 719 31

932 845 985 905 49.

381 963 418 1026 Ε.
444 961 487 1028 Μ.
517 967 587 1043 123,
615 966 667 1028 54.
1236 963 1273 1026 L.
1300 960 1420 1027 Herod.
1447 960 1472 1025 A
1502 963 1570 1025 174.

110 1085 162 1171 τὴν
193 1080 275 1169 παρά
302 1078 445 1167 πρόθεσιν
474 1078 551 1147 κατά
578 1079 631 1167 τήν
662 1078 759 1170 ἀρχὴν
790 1079 934 1155 ὀξύνουσι.
992 1077 1086 1169 ,πάρ’
1112 1080 1249 1167 έμοιγε“.
1295 1077 1349 1165 τὴν
1377 1078 1459 1168 παρά
1488 1078 1630 1168 πρόθεσιν
1659 1077 1736 1146 κατὰ
1762 1077 1816 1166 τήν

110 1187 159 1254 καὶ
189 1185 321 1251 καθόλου
349 1180 399 1250 ότε
428 1186 610 1270 σημαντικαί
638 1187 696 1251 εἰσι
717 1190 773 1251 τῶν
797 1184 936 1273 ῥημάτων
990 1179 1143 1273 άρχοοσαν
1169 1183 1368 1271 όξοτονητέον.
1416 1182 1467 1250 καλ
1488 1181 1623 1250 καθόλου
1645 1180 1733 1249 ὁπότε
1757 1210 1817 1269 σι,-

112 1295 141 1356 αί
174 1291 350 1376 προθέσεις,
385 1292 489 1355 τοῦτον
521 1285 571 1355 τόν
604 1285 688 1371 τόνον
721 1286 935 1377 ἀναδέχονται,
991 1289 1129 1374 μαντικαί
1151 1291 1209 1353 εἰσι
1232 1284 1371 1375 ’ρημάτων
1395 1290 1427 1353 αἱ
1448 1289 1618 1374 προθέσεις,
1642 1291 1745 1353 τοῦτον
1767 1283 1816 1354 τόν

110 1393 171 1459 οἷον
189 1390 272 1469 ,ἐπεὶ
287 1384 370 1458 οότοι
385 1391 435 1456 ἔπι
450 1392 537 1465 θέος“
563 1428 599 1439 —·-
620 1391 646 1457 A
662 1396 724 1456 515
743 1428 780 1441 -
807 1384 937 1471 ,οόνεκα
988 1388 1072 1458 τόνον
1101 1388 1316 1479 ἀναδέχονται·
1358 1389 1442 1467 ,ἐπεὶ
1470 1382 1552 1458 οότοι
1582 1391 1630 1455 ἔπι
1657 1393 1744 1464 δέος“
1776 1429 1813 1441 -

108 1493 200 1563 καλὸν
223 1496 302 1568 εἶδος
324 1492 398 1559 ἔπ’·
432 1489 500 1560 ἀλλ’
527 1493 581 1562 οόκ
604 1496 716 1561 ἔστιν“.
743 1534 780 1542 -
800 1494 877 1560 Γ44
897 1534 935 1545 -
989 1500 1051 1558 515
1076 1532 1114 1544 ·-
1139 1492 1189 1560 καλ
1219 1492 1274 1573 ,οὐ
1300 1491 1358 1581 γάρ
1379 1490 1429 1558 ἔπ’
1456 1490 1532 1581 ἀνὴρ
1556 1493 1618 1567 οἶος
1638 1491 1813 1568 Ὀδυσσεός“

112 1596 166 1679 ,οὐ
189 1596 246 1686 γάρ
269 1595 322 1663 ἔπ’
348 1595 425 1685 ἀνὴρ
448 1598 511 1670 ολος
531 1595 708 1674 ’masnade‘
734 1601 863 1686 -β58
882 1634 933 1663 -.
989 1599 1071 1684 -β
1095 1601 1135 1662 58
1159 1637 1200 1645 -
1230 1594 1282 1684 τήν
1315 1597 1347 1662 δὲ
1378 1598 1519 1683 ,,ἔμοιγε“
1548 1600 1813 1684 προπαροξοτονη-

988 1703 1074 1766 πέον·
1099 1700 1162 1766 ἔστι
1184 1699 1240 1788 γάρ
1261 1696 1386 1787 Ἀττική,
1412 1697 1450 1775 ὡς
1474 1700 1523 1765 καλ
1545 1699 1564 1787 ἡ
1587 1701 1694 1788 ἔγωγε.

392 1788 431 1852 Ε.
456 1787 500 1852 Μ.
527 1792 600 1866 315,
625 1791 657 1853 8.

115 1958 238 1975 .....
264 1903 538 1994 προπαροξυτόνως.
570 1908 633 1973 ἔστι
655 1905 711 1996 γὰρ
731 1906 871 1988 Ἀττικόν,
896 1907 938 1982 ὡς

112 2011 131 2097 ά,
155 2012 274 2095 ἔμοιγε·
311 2009 374 2075 οἷον
399 2008 493 2098 ,πάρ’
519 2011 622 2097 ἔμοιγε
644 2008 694 2077 καλ
716 2005 821 2093 ἄλλοι,
851 2011 883 2077 οἵ
902 2015 937 2078 κέ

113 2142 149 2200 με
172 2111 378 2199 τιμήσουσιν“.

935 2342 987 2404 50.

389 2459 427 2524 Ε.
454 2460 498 2525 Μ.
527 2464 597 2541 ιιι,
629 2465 656 2524 ι.
1236 2460 1273 2523 Ι..
1298 2457 1418 2525 Herod.
1444 2457 1471 2523 Α
1496 2461 1569 2542 258.

113 2580 162 2655 .,οἳ
184 2578 249 2666 περὶ
272 2579 325 2664 μὲν
349 2581 442 2665 βουλῇ
467 2579 612 2658 Δαναῶν,
639 2577 706 2667 περλ
729 2576 759 2644 δ’
785 2581 852 2645 έστὲ
875 2575 937 2665 μά-

110 2686 240 2769 χεσθαϋ*
264 2720 305 2729 -
324 2681 350 2746 Α
367 2684 428 2746 258
446 2720 498 2745 -.
537 2708 557 2766 η
580 2682 649 2768 περί
671 2679 734 2748 ἀντὶ
749 2684 854 2769 ἑτέρας
870 2686 937 2747 κεῖ-

109 2811 158 2850 ται
188 2791 239 2871 τῆς
270 2782 355 2871 όπέρ.
402 2781 451 2850 τὸν
482 2782 558 2849 ἴδιον
587 2778 639 2851 οὖν
667 2781 752 2851 τόνον
781 2781 933 2873 φυλάττει.

109 2886 250 2975 πρόθεσις
281 2886 337 2975 γάρ
365 2885 428 2954 ἀντὶ
450 2890 553 2975 ἑτέρας
575 2891 748 2977 προθέσεως
770 2894 936 2977 παραλαμ-

111 2994 259 3078 βανομένν,
283 2989 332 3058 τόν
354 2990 430 3058 ἴδιον
452 2989 537 3059 τόνον
561 2992 718 3080 φυλάσσει.
763 2988 857 3068 οὕτως
871 2995 938 3081 ἔχει

111 3093 144 3160 τό
169 3092 258 3172 ,ἀλλ’
284 3091 333 3160 ’ὁδ’
361 3092 436 3181 ἀνὴρ
459 3098 559 3162 ἐθέλει
581 3094 648 3184 πιρλ
669 3092 786 3163 πάντων
809 3097 937 3182 ἔμμεναι

993 2578 1042 2657 ,οἳ
1063 2576 1130 2665 περὶ
1153 2579 1206 2664 μέν
1229 2575 1379 2665 βουλήν“;
1404 2575 1424 2664 ἡ
1447 2579 1515 2666 περί
1538 2574 1601 2644 ἀντὶ
1622 2581 1724 2666 ἑτέρας
1747 2584 1815 2645 κεῖ-

991 2708 1039 2747 ται
1061 2687 1114 2769 τῆς
1129 2680 1214 2771 ὑπέρ.
1254 2678 1302 2748 τόν
1318 2679 1393 2746 ἴδιον
1411 2674 1462 2747 οὖν
1477 2679 1561 2747 τόνον
1578 2679 1711 2769 φυλάξει.
1736 2679 1815 2770 πρό-

991 2787 1073 2860 θεσις
1100 2783 1158 2875 γάρ
1189 2783 1253 2852 ἀντὶ
1282 2787 1384 2873 ἑτέρας
1411 2787 1582 2873 προθέσεως
1609 2788 1815 2872 παραλαμβα-

990 2890 1100 2974 νομένη
1130 2885 1178 2954 τόν
1208 2887 1283 2955 ἴδιον
1313 2886 1397 2954 τόνον
1426 2885 1578 2976 φυλάττει.
1626 2883 1720 2963 οὕτως
1750 2889 1817 2976 ἔχει

990 2989 1041 3056 καλ
1062 2988 1094 3057 τό
1119 2986 1209 3069 ,ἀλλ’
1235 2987 1283 3058 ὅδ’
1309 2988 1386 3078 ἀνὴρ
1409 2994 1509 3058 ἐθέλει
1530 2990 1597 3079 περὶ
1619 2989 1756 3058 πάντων“
1777 3030 1814 3042 -

990 3098 1051 3160 287
1071 3132 1107 3143 -
1133 3093 1192 3161 εἴτε
1207 3098 1269 3169 τοῖς
1284 3097 1350 3181 ἑξῆς
1369 3092 1556 3175 συνάπτεται,
1582 3092 1646 3160 ἀντὶ
1660 3099 1712 3161 που
1727 3097 1817 3181 περί-

113 3190 232 3263 άλλων“
258 3236 294 3247 -
321 3202 383 3265 287
409 3236 461 3264 -.
989 3224 1075 3278 εστε,
1105 3195 1195 3264 πάλιν
1224 3195 1347 3285 φυλάξει
1374 3194 1424 3264 τόν
1452 3197 1528 3263 ἴδιον
1551 3197 1653 3264 τόνον·
1692 3195 1781 3265 πάλιν
1793 3203 1811 3282 ¹}

988 3297 1046 3387 γάρ
1073 3305 1156 3368 πάσα
1182 3299 1324 3389 πρόθεσις
1353 3301 1468 3390 ἔχουσα
1494 3297 1628 3374 αόνταξιν
1650 3299 1722 3390 πρὸς
1745 3305 1815 3367 ἑπι-

985 3400 1149 3491 φερόμενόν
1176 3431 1205 3471 τι
1232 3400 1282 3471 τόν
1311 3403 1386 3470 ἴδιον
1416 3402 1499 3471 τόνον
1523 3403 1688 3493 φυλάσσει,
1721 3402 1762 3478 ὡς
1784 3402 1816 3471 τό

987 3503 1108 3593 ,νήπιοι
1130 3508 1160 3573 οἳ
1181 3503 1258 3574 κατά
1281 3511 1352 3596 βοῦς
1376 3505 1531 3596 όπερίονος
1553 3506 1668 3595 ἠελίοιο
1686 3502 1814 3596 ἤσθιον“

986 3621 1192 3677 -α8-.

201 3751 217 3809 ¹)
239 3749 314 3802 Ηκοο
332 3748 377 3803 Ει.
398 3749 494 3803 omisit
511 3749 563 3803 hoc
581 3749 657 3814 λοοο;
677 3749 807 3817 leguntur
824 3749 878 3804 ἱιιιι
900 3752 957 3815 123,
978 3753 1008 3803 51
1029 3750 1066 3804 ad
1084 3749 1145 3803 ἀπό.
1171 3748 1206 3805 cs,
1227 3749 1330 3806 Herod.
1351 3750 1388 3804 ad
1406 3750 1430 3804 B
1450 3752 1508 3803 831.
1529 3749 1553 3804 Ε
1572 3753 1631 3803 325.

932 4058 992 4126 lv.

198 4214 355 4281 Ριοοιιιίιὶ
377 4213 469 4294 haec,
495 4219 532 4278 ut
553 4212 647 4280 fidem
671 4212 788 4280 faciam
811 4213 909 4280 etiam
932 4214 992 4281 has
1014 4215 1155 4297 reliquas
1178 4221 1281 4294 notas,
1307 4233 1392 4296 quae
1414 4215 1442 4280 si
1464 4234 1528 4280 non
1551 4215 1624 4299 ἰριιι
1636 4215 1736 4281 verba
1750 4215 1817 4281 Ησ-

114 4315 249 4397 τοθίκιιὶ,
275 4322 310 4383 οι
332 4317 524 4384 sententiam
547 4317 727 4384 cottonius
750 4325 969 4401 servaverunt,
994 4316 1136 4382 indidem
1159 4316 1301 4383 fluxisse.
1333 4326 1337 4337 ’

949 4510 978 4571 1.

393 4626 432 4690 π.
456 4626 500 4692 ιι.
530 4630 600 4709 ιιι,
627 4631 658 4692 ο.
1203 4674 1206 4679 .
1235 4628 1273 4692 υ.
1298 4627 1417 4695 Herod.
1444 4627 1470 4692 ιι
1495 4630 1569 4693 ιιι,

114 4743 268 4832 .βιιλοίν“;
426 4748 458 4811 αἱ
486 4742 544 4833 γὰρ
568 4750 610 4821 εἰς
631 4736 674 4811 ων
703 4743 851 4834 λήγουσαι
880 4773 938 4832 με·
993 4796 1116 4812 .....
1141 4745 1205 4813 έπελ
1226 4743 1283 4835 γὰρ
1308 4751 1340 4812 αἱ
1362 4749 1404 4821 εἰς
1421 4735 1489 4812 ἦ
1509 4744 1656 4833 λήγουσαι
1679 4749 1815 4834 μετοχαί,

112 4850 210 4936 τοχαί,
235 4846 324 4915 όπότε
346 4851 378 4913 έν
401 4851 548 4936 έπιπλοκῄ
571 4850 676 4937 ἔχουσι
700 4846 870 4937 σόμφωνον,
899 4844 938 4915 ὧν
991 4851 1118 4937 ἔχουσαι
1145 4848 1201 4936 πρὸ
1231 4855 1282 4917 τοῦ
1311 4838 1328 4915 ν
1357 4847 1516 4937 πάμφωνον
1546 4850 1613 4917 κατ’
1640 4847 1816 4937 ἐπιπλοκήν,

112 4947 144 5015 τό
166 4948 302 5040 θειότερόν
325 4956 403 5018 ἐστιν
427 4950 625 5040 ἀμετάβολον,
649 4950 766 5026 πάντως
789 4949 938 5040 βαρόνον-
989 4947 1057 5039 ἤτοι
1086 4950 1265 5041 ἐβαρύνοντο
1301 4949 1321 5039 ἢ
1354 4957 1575 5041 περιεσπώντο,
1611 4952 1753 5020 οὐδέποτε
1785 4957 1818 5020 δὲ

112 5079 172 5133 ται,
188 5057 314 5141 τέμνων,
333 5053 466 5142 κάμνων.
504 5054 618 5130 τοότοις
633 5049 738 5141 ’όμοιον
754 5052 787 5121 τό
802 5057 934 5143 πέφνων.
990 5053 1147 5136 ἀξόνοντο,
1171 5053 1268 5144 ὥσπερ
1283 5057 1350 5144 ἔχει
1364 5055 1384 5142 ἡ
1399 5059 1527 5143 τέμνων,
1544 5055 1677 5143 κάμνων,
1694 5063 1816 5138 πιτνών,

989 5160 1149 5246 ἐδοκίμαζε
1163 5158 1214 5226 καλ
1228 5157 1281 5246 τήν
1295 5161 1416 5247 πέφνων
1431 5157 1582 5248 βαρόνειν,
1607 5158 1675 5249 οόχὶ
1691 5157 1815 5232 όξόνειν.

199 5295 234 5352 οἱ.
256 5298 379 5355 Cnmori
397 5294 504 5353 Αιιοεθ.
525 5296 547 5361 1,
567 5298 611 5362 92,
631 5300 673 5351 28.
698 5297 790 5368 Etym.
811 5295 886 5352 Gud.
909 5300 964 5361 10³,
985 5299 1020 5350 44
1037 5305 1067 5353 οι
1084 5301 1143 5365 484,
1165 5302 1207 5352 2ο.
