4950 6578
1052 660 1072 718 δ

209 846 467 931 προπερισπῶσιν,
494 838 530 908 οὐ
551 846 662 915 καλῶς.
709 841 908 929 παραιτητέον
932 840 966 905 δὲ
987 838 1037 905 τόν
1085 842 1177 926 τῆΨ
1205 842 1285 924 (254)
1319 843 1368 922 (cf.
1395 843 1420 906 Ξ
1444 844 1516 919 387)
1544 842 1643 925 λέγει,
1668 835 1714 904 ότι
1737 842 1782 903 δεῖ
1803 834 1914 909 ὐξύνειν

206 944 436 1030 Ἀσκαλωνίτην,
460 941 595 1028 οίύμενον
618 942 676 1010 άπὸ
698 951 751 1030 τῆς
773 944 819 1017 λίς
841 940 963 1016 εὐθείας
982 968 1038 1008 κε-
1086 940 1163 1009 κατὰ
1192 947 1292 1008 τοῦτον
1321 941 1370 1008 τὸν
1393 941 1515 1008 κανόνα.
1565 937 1659 1015 οὐτως
1680 939 1738 1028 γάρ
1762 939 1812 1005 καί
1831 937 1915 1026 Ἀρί-

211 1049 334 1113 κλίσθαι
362 1045 414 1132 τῆν
443 1047 500 1111 λιτί
529 1045 648 1132 δοτικῆν
679 1046 730 1112 καί
760 1050 826 1111 λῖτα
858 1041 1036 1131 αἰτιατικῆν.
1088 1048 1262 1134 010191043).
1310 1046 1367 1111 εἰσί
1396 1047 1429 1111 δὲ
1457 1045 1486 1111 οἳ
1510 1050 1712 1132 περισπῶσιν,
1744 1040 1779 1110 οὐ
1801 1048 1911 1114 καλῶς.

212 1148 247 1216 οὐ
274 1148 332 1236 γάρ
360 1175 431 1215 ποτε
461 1151 623 1236 ἐμελέτησε
650 1147 687 1216 τά
715 1152 758 1222 είς
781 1155 807 1221 ι’ς
829 1145 1040 1236 μονοσύλλαβα
1088 1149 1153 1215 εἶτα
1167 1146 1272 1234 ἐπάγει
1287 1143 1398 1222 οὕτως·
1433 1150 1632 1236 παραιτητέον
1650 1147 1682 1211 δὲ
1697 1145 1746 1211 τὸν
1759 1145 1916 1211 Ἀσκαλω-

212 1251 262 1317 διά
276 1259 326 1317 τοῦ
342 1254 421 1336 το-ςδ)
440 1253 606 1319 κλίνεσθαι.
648 1249 858 1339 μεταπλαομδς
875 1250 907 1315 δέ
916 1257 937 1336 ⁶)
960 1254 1038 1316 ἐστιν
1087 1253 1186 1338 νίτην,
1218 1248 1353 1337 οἰόμενον
1380 1249 1439 1316 άπὸ
1467 1258 1519 1337 τῆς
1549 1251 1593 1324 λίς
1616 1247 1737 1327 εὐθείας
1759 1249 1917 1314 κεκλίσθαι

211 1353 268 1420 άπὸ
290 1361 343 1421 τοῦ
365 1351 446 1421 λιτόν
470 1361 552 1421 λιτοῶ
574 1361 616 1445 τῷ
639 1361 713 1444 λιτῷ
734 1354 785 1420 καί
808 1355 885 1432 λιτί,
917 1351 957 1428 ὡς
980 1351 1039 1420 άπὸ
1087 1352 1140 1440 τῆν
1163 1355 1221 1420 λιτί
1244 1351 1362 1440 δοτικῆν
1385 1353 1436 1419 καὶ
1457 1352 1511 1440 τῆν
1520 1357 1541 1438 ⁴)
1569 1356 1637 1416 λῖτα
1660 1348 1836 1436 αἰτιατικῆν.
1880 1348 1917 1416 οὐ

208 1463 261 1523 τοῖν
281 1454 392 1532 κλάδος
413 1454 527 1524 κλάδον
549 1464 592 1546 τῷ
613 1454 717 1545 κλάδῳ
735 1455 813 1522 κατά
828 1454 1039 1541 μεταπλασμδν
1087 1456 1145 1544 γάρ
1173 1482 1245 1522 ποτε
1273 1458 1435 1542 ἐμελέτησε
1456 1454 1492 1520 τά
1515 1458 1558 1528 εἰς
1582 1462 1606 1528 ις’
1630 1451 1839 1541 μονοσύλλαβα
1867 1451 1917 1518 διαὶ

209 1560 342 1645 κλαδίῆ.
390 1559 441 1625 καλ
468 1557 488 1646 ῆ
518 1558 666 1645 αίτιατικῆ
696 1556 808 1644 δμοίως
836 1557 912 1624 κατά
943 1585 1040 1644 μετα·
1087 1567 1140 1626 του
1161 1564 1205 1644 τί)
1233 1559 1399 1625 κλίνεσθαι.
1438 1557 1649 1644 μεταπλασμύς
1672 1550 1752 1642 οὐνθ)
1781 1559 1843 1622 ἐστι
1865 1562 1918 1642 τῆς

209 1659 366 1747 πλασμύν,
398 1664 432 1727 ἐκ
458 1671 510 1729 τοῦ
532 1661 613 1728 λιτόν
636 1666 720 1740 λῖτα,
752 1659 794 1735 ῶς
816 1664 850 1727 ἐκ
872 1668 924 1728 τοῦ
946 1659 1039 1750 κρύκη
1089 1668 1161 1752 λιτῷ
1184 1667 1314 1747 δοτικῆς,
1339 1659 1380 1735 ῶς
1402 1657 1422 1747 ῆ
1445 1661 1533 1726 κλαδί
1554 1668 1607 1734 τῆς
1629 1657 1733 1747 κλάδῳ
1742 1664 1778 1745 ⁷).
1823 1656 1916 1744 καίῆ

209 1765 344 1854 κρόκαθ).
370 1764 433 1830 οἷον
452 1763 549 1844 ,κατὰ
564 1767 632 1832 λῖτα
645 1762 796 1839 πετάσας“
809 1762 937 1838 Ἰλιάδος
952 1761 981 1829 θ’
998 1802 1040 1813 -
1089 1765 1238 1852 αἰτιατικῆ
1266 1769 1334 1830 λῖτα
1364 1767 1605 1850 μεταπέπλασται
1633 1767 1667 1828 ἐκ
1694 1770 1748 1849 τῆς
1773 1759 1853 1827 λιτόν
1877 1759 1918 1836 ῶς

210 1876 270 1934 441
296 1908 338 1917 -
362 1866 425 1934 ἀντὶ
448 1875 499 1934 τοῦ
524 1865 638 1954 ἱμάτιον
661 1874 761 1934 λινοῦν
791 1863 811 1954 ῆ
838 1865 917 1934 λιτὸν
940 1893 1039 1934 κατα·
1088 1865 1182 1955 κρόκα
1204 1872 1239 1934 ἐκ
1260 1874 1313 1953 τῆς
1329 1866 1439 1954 κρόκην
1450 1869 1487 1952 8).
1527 1866 1560 1933 τὸ
1585 1867 1618 1932 δὲ
1639 1864 1723 1953 παρά
1744 1873 1786 1953 τῷ
1807 1872 1915 1952 ποιητῷ

209 1969 352 2050 πετάσας,
375 1972 523 2036 τουτέστιν
546 1967 736 2056 ἁπλώσαςθ).
778 1969 836 2058 οὐχ
850 1967 991 2055 δμύτονος
1007 1969 1040 2034 δὲ
1090 1968 1247 2059 ,κάθηράν
1270 1997 1302 2036 τε
1326 1966 1403 2057 βύπα
1423 1960 1540 2036 πάντα“
1564 2009 1607 2018 -
1630 1975 1646 2042 ζ
1669 1972 1709 2033 93
1733 2007 1787 2048 -,
1820 1972 1846 2034 εἰ
1877 1967 1917 2063 μῆ

210 2071 230 2159 ῆ
254 2078 320 2140 λῖτα
342 2081 378 2161 τῆ
403 2071 502 2153 λιτόν,
534 2073 637 2160 ἐπειδὴ
665 2081 749 2140 πάσα
781 2071 930 2159 αἰτιατική
954 2076 1040 2146 εἰςᾶ
1088 2078 1151 2140 ἐστι
1171 2071 1372 2159 πληθυντικὸν
1388 2070 1555 2160 οὐδέτερον,
1579 2079 1632 2139 τοῦ
1646 2073 1842 2159 προκειμένου
1858 2098 1918 2156 με-

212 2175 345 2265 ληγουσα
368 2175 538 2263 βαρύνεται.
1088 2183 1264 2262 ταπλασμού
1279 2177 1382 2264 ἔχεται
1392 2181 1442 2260 10).
1475 2174 1532 2264 οὐχ
1548 2173 1689 2261 δμύτονος
1706 2175 1738 2239 δὲ
1754 2176 1913 2260 ἐγένετοθ)

1087 2277 1107 2366 ῆ
1131 2284 1198 2346 λῖτα
1220 2287 1255 2366 τῆ
1281 2276 1373 2360 λιτόν,
1398 2279 1463 2345 ἐπεὶ
1485 2285 1567 2344 πᾶσα
1590 2276 1739 2363 αἰτιατικῆ
1764 2280 1806 2351 εἰς
1823 2283 1842 2343 ά
1858 2275 1918 2364 λῆ-

1086 2409 1181 2468 γουσα
1204 2379 1384 2469 ἐβαρύνετο,
1417 2379 1639 2468 ύπεσταλμένης
1668 2389 1721 2469 τῆς
1749 2378 1815 2448 τινά
1842 2379 1919 2447 κατά

1058 2488 1064 2493 ’
1087 2481 1225 2571 άύριστον
1247 2482 1401 2573 προφοράν
1412 2487 1461 2568 ¹²).

295 2573 332 2661 τί.
354 2605 438 2658 etiam
459 2604 488 2657 L⁴
505 2603 607 2658 Herod.
628 2605 665 2658 ad
682 2602 762 2659 8441
780 2604 920 2660 οιΨ254.
960 2608 976 2669 ¹)
998 2620 1068 2660 οοτῐ.
1084 2606 1156 2659 utin
1169 2601 1466 2674 θεαταΑδνομάτων.
1504 2605 1523 2668 ²)
1544 2604 1617 2657 παντί
1634 2592 1716 2658 δεύει
1732 2603 1918 2675 qutym.M.

211 2693 230 2757 3)
252 2692 339 2745 verba
357 2687 438 2747 οὕτως
455 2688 503 2760 γὰρ
520 2719 555 2727 -
573 2687 739 2763 Ἀρίσταρχος
761 2690 796 2744 ab
821 2690 913 2758 Etym.
940 2691 1044 2745 omissa
1067 2697 1140 2744 sunt.
1195 2691 1214 2754 ⁴)
1236 2705 1291 2744 non
1317 2690 1420 2760 legitur
1440 2691 1469 2744 in
1487 2689 1580 2759 Etym.
1635 2691 1653 2752 ⁶)
1675 2706 1745 2744 υοττ.
1765 2697 1779 2742 τ
1796 2706 1848 2758 pro
1864 2696 1917 2749 τὀῑ.

211 2779 231 2837 θ)
253 2777 281 2829 δέ
299 2776 392 2846 Etym.
413 2775 456 2828 οὖν
475 2774 574 2829 Venet.
592 2771 628 2827 Α.
666 2777 685 2839 7)
706 2776 818 2828 ἀπὸτοῦ
837 2775 905 2828 λιτόν
923 2775 993 2828 λιτοῦ
1011 2775 1048 2847 τῷ
1065 2775 1128 2848 λιτῷ
1143 2777 1187 2829 καί
1204 2775 1262 2838 λιτί,
1283 2777 1318 2834 ὡς
1336 2775 1449 2829 ἀπὸτοῦ
1467 2774 1562 2833 κλάδος
1580 2775 1676 2828 κλάδον
1694 2777 1731 2847 τῷ
1748 2775 1836 2846 κλάδῳ
1853 2776 1920 2830 κατὰ

213 2863 394 2932 μεταπλασμδν
411 2861 488 2914 κλαδί
505 2860 599 2931 Etym.
619 2861 733 2914 brevius
751 2861 851 2916 Venot.
871 2857 912 2913 A:
933 2868 979 2930 τῆς
997 2860 1058 2933 λιτῷ
1080 2861 1182 2932 δοτικῆς
1201 2864 1237 2920 ῶς
1254 2863 1272 2930 ῆ
1290 2861 1366 2914 κλαδί
1383 2867 1431 2931 τῆς
1448 2860 1546 2931 κλάδῳ.
1600 2863 1619 2924 ⁸]
1642 2861 1737 2930 δμοίως
1753 2863 1821 2914 κατὰ
1839 2880 1919 2931 μετα-

212 2948 337 3018 πλασμόν,
359 2949 388 3001 ἐκ
407 2953 452 3000 τοῦ
470 2945 539 3000 λιτόν
557 2946 625 3010 λῖτα,
646 2949 681 3005 ῶς
700 2946 730 2999 έκ
746 2952 791 2999 τοῦ
808 2947 891 3016 κρόκη
909 2947 1001 3017 κρόκα.
1017 2945 1111 3016 Etym.
1125 2946 1231 3000 -λῖτα
1249 2946 1455 3017 μεταπέπλασται
1474 2946 1504 2999 ἐκ
1520 2953 1568 3016 τῆς
1585 2945 1654 2999 λιτόν
1673 2949 1708 3005 ὡς
1725 2947 1808 3017 κρόκα
1826 2948 1856 3000 ἐκ
1872 2955 1919 3019 τῆς

211 3034 308 3105 κρόκην
324 3033 423 3088 Venet.
439 3031 474 3085 A.
511 3032 530 3097 ⁹)
552 3033 639 3086 verba
656 3031 709 3085 οἷον
727 3062 761 3070 -
779 3032 900 3090 ἁτλώοας
918 3048 973 3086 nou
992 3032 1121 3101 leguntur
1138 3033 1166 3085 in
1179 3033 1279 3088 Venot.
1294 3031 1329 3085 A.
1368 3033 1396 3097 ¹⁰)
1417 3034 1446 3085 τὸ
1464 3033 1492 3084 δὲ
1509 3062 1544 3070 -
1563 3032 1648 3106 ἔχεται
1667 3033 1695 3085 in
1708 3032 1800 3102 Etym.
1816 3034 1920 3087 omissa

212 3126 285 3172 sunt.
343 3120 371 3182 ΙΙ)
397 3133 451 3172 non
469 3124 514 3172 est
531 3118 560 3171 in
577 3116 670 3187 Etym.
727 3119 755 3181 θ)
782 3119 869 3173 verba
887 3117 1079 3188 δτεσταλμένης
1096 3149 1131 3157 -
1148 3119 1279 3190 προφορόν
1298 3118 1399 3172 desunt
1417 3119 1446 3171 in
1464 3117 1558 3187 Etym.
1577 3147 1612 3156 —
1636 3116 1672 3172 στ’.
1693 3117 1772 3173 Eunt.
1793 3121 1853 3183 677,
1874 3121 1915 3171 30.

213 3206 272 3268 ιιι,
294 3206 334 3255 3ο.
359 3205 434 3267 ιτοο,
454 3205 478 3255 3.
502 3205 576 3267 τιον,
597 3205 639 3255 οι.

1049 3379 1078 3439 6.

504 3493 543 3557 Ε.
568 3494 612 3557 M.
638 3497 690 3576 ιο,
718 3496 748 3557 3.
1338 3495 1376 3560 L.
1401 3494 1519 3561 Herod.
1547 3498 1570 3559 Α
1596 3499 1668 3561 659.

333 3610 366 3677 τύ
390 3612 423 3676 δὲ
446 3609 1040 3701 οὐτάμενοςκαίέληλάμενοςύἩρω-
1091 3610 1306 3699 ,οὐτάμενοι“;
1340 3611 1531 3702 Ἀρίσταρχος
1554 3612 1595 3688 ῶς
1619 3612 1771 3702 ἱστάμενοι
1792 3616 1844 3682 καὶ
1866 3643 1919 3681 κι-

213 3713 347 3788 διανδς
369 3709 405 3780 οὐ
427 3741 502 3803 φησι
523 3713 600 3781 κατά
618 3713 715 3788 πάθος
730 3717 867 3801 γίνεσθαι
882 3742 1040 3804 προπαρο-
1088 3715 1245 3804 χράμενοι.
1300 3714 1460 3804 Πάμφιλος
1490 3717 1523 3782 δὲ
1553 3715 1594 3792 ῶς
1624 3721 1818 3806 δεδαρμάνοι,
1854 3718 1919 3784 ἐπεὶ

212 3815 316 3891 ξύτονα
331 3817 389 3883 ἀπὸ
404 3824 456 3884 τοῦ
472 3816 651 3902 οὐτασμένος
667 3816 717 3882 καί
731 3820 948 3904 ἐληλασμένος,
967 3818 1035 3886 ἀλλ’
1088 3819 1140 3884 καὶ
1161 3817 1194 3884 τύ
1218 3822 1397 3907 βεβλημένοι
1420 3817 1598 3886 σοντελικύν.
1640 3821 1691 3886 καὶ
1708 3819 1835 3887 δοκεῖτὸ
1851 3847 1918 3887 τοι·

213 3919 270 3987 άπὸ
292 3927 351 3985 τῶν
374 3923 416 3994 είς
439 3924 484 4006 μῐ,
509 3927 561 3985 τοῦ
575 3946 608 3985 τε
623 3913 732 4005 ούτημι
746 3918 796 3985 καί
811 3918 952 4008 ἐλῆλημι.
989 3923 1040 3988 καί
1088 3929 1174 3987 οὐτον
1198 3920 1255 3987 ἀπὸ
1279 3925 1378 3988 ένικοδ
1402 3920 1532 4009 άριθμοῶ
1551 3922 1627 3990 πολύ
1642 3920 1784 4011 πρότερον
1799 3928 1918 3990 τεθειυ·

212 4021 284 4089 εἰσίν
307 4026 477 4101 ἐνεστῶτες,
503 4019 544 4096 ῶς
565 4022 669 4108 ἵστημι
688 4021 814 4108 ἵσταμαι
837 4022 1001 4111 ἱστάμενος.
1090 4027 1201 4110 ρῆσθαι
1222 4022 1295 4112 παρ’
1324 4023 1416 4114 αὐτῷ.
1455 4025 1528 4112 φησί
1550 4024 1608 4112 γάρ
1633 4021 1715 4108 ,οὐτ’
1743 4023 1781 4114 άρ
1804 4030 1919 4115 βεβλη-

1089 4129 1175 4212 μένος
1197 4126 1258 4200 όίέϊ
1279 4133 1386 4216 χαλκῷ
1408 4121 1473 4194 οὐτ’
1502 4126 1700 4217 αὐτοσχεδίην
1716 4127 1916 4215 οὐτασμένος“

550 4214 623 4294 ⁶4²²
649 4217 701 4276 50·
1076 4244 1131 4278 ¹-
1146 4235 1164 4295 λ
1179 4234 1242 4295 536
1256 4269 1310 4293 -.
1351 4236 1506 4318 συντελικῆ
1530 4228 1587 4318 γὰρ
1612 4258 1724 4320 μετοχη
1743 4231 1916 4319 συντελικῆν

105 4343 111 4353 ’
213 4329 428 4418 ,οὐτάμενοι“;
453 4329 536 4419 παρὰ
558 4329 590 4396 τύ
614 4329 692 4397 ούτῶ
714 4329 938 4418 περισπώμενον
953 4333 1038 4418 γίνε-
1087 4329 1259 4418 ἐπήνεγκεν.
1300 4330 1395 4408 οὐτοις
1418 4326 1469 4399 οὐν
1492 4333 1544 4399 καὶ
1567 4333 1615 4398 ἐπί
1635 4341 1693 4399 τῶν
1708 4339 1917 4420 πληθυντικῶν

211 4461 261 4500 ται
281 4431 461 4522 παράγωγον
485 4437 526 4507 εἰς
548 4438 598 4517 μῖ,
629 4427 749 4520 ούτημι.
795 4432 849 4523 ἀφ’
877 4429 912 4502 ού
936 4431 1038 4522 άπαρ-
1087 4431 1302 4519 ἀναγινώσκειν
1325 4436 1405 4516 ἔδει,
1438 4439 1465 4502 εἰ
1496 4434 1536 4522 μῆ
1568 4430 1628 4526 άρα
1655 4434 1752 4504 ἐκεῖνά
1779 4464 1822 4512 τις
1845 4435 1918 4527 ὑπὲρ

108 4557 112 4568 ’
211 4539 343 4624 ε’μφατον
359 4534 481 4603 οὐτάναι
496 4533 546 4601 καί
561 4533 700 4622 οὐτάμεν,
723 4535 781 4603 άπὸ
796 4544 848 4603 τοῦ
864 4535 1037 4624 οὐτάμεναι,
1087 4544 1139 4603 τοῦ
1156 4535 1351 4627 Ἀριστάρχου
1374 4541 1468 4625 λέγοι,
1492 4534 1538 4605 ύτι
1554 4536 1608 4605 οὐκ
1623 4543 1770 4606 ἐνεστῶτα
1786 4538 1918 4629 ἐκδεχό-

208 4634 345 4726 δδηλού
367 4639 399 4706 τὸ
422 4646 545 4726 τρῶσαι.
589 4637 622 4705 τὸ
644 4638 810 4726 παθητικὸν
835 4634 974 4726 ούταμαι.
1018 4639 1038 4727 ῆ
1089 4666 1175 4725 μενος
1190 4636 1283 4715 ούτῶς
1299 4640 1507 4728 ἀνεγίνωσκεν,
1532 4639 1611 4708 ἀλλὰ
1625 4645 1843 4729 παρακείμενον
1858 4670 1918 4710 πε-

212 4741 324 4830 μετοχῆ
340 4740 511 4828 οὐτάμενος.
549 4738 674 4830 ῆπαρά
696 4740 729 4808 τδ
753 4739 870 4816 οὐτάζῶ
893 4741 909 4809 ‘0
932 4747 1040 4831 παθη·
1088 4740 1231 4808 πονθύτα.
1278 4745 1344 4833 ἔχει
1368 4745 1400 4810 δέ
1423 4740 1528 4819 ούτῶς.
1567 4742 1650 4832 παρὰ
1671 4744 1704 4810 τό
1728 4745 1806 4813 ούτῶ
1827 4773 1917 4834 περι-

209 4843 289 4920 τικὸς
317 4847 535 4934 παρακείμενος
568 4840 716 4932 ούτασμαι
752 4843 951 4933 οὐτασμένος,
991 4845 1041 4912 καί
1089 4842 1244 4931 σπώμενον
1274 4849 1407 4914 ἐκπίπτει
1435 4846 1615 4934 παραγῶγύν
1645 4851 1687 4922 εἰς
1710 4855 1743 4932 fi
1767 4855 1857 4936 λῆγον
1884 4849 1917 4916 τδ

210 4944 343 5036 άποβολῆ
360 4956 412 5015 τοῦ
427 4953 445 5010 ὃ
461 4945 632 5032 οὐτάμενοι.
668 4946 920 5035 προπαροξύνεται
936 4950 969 5014 δὲ
985 4947 1041 5015 ὐπὸ
1090 4941 1215 5034 ούτημι,
1252 4948 1309 5037 ἀφ’
1345 4945 1380 5017 ού
1410 4948 1624 5038 άπαρέμφατον
1653 4950 1685 5017 τδ
1716 4950 1838 5019 οὐτάναι
1867 4951 1917 5019 καί

206 5047 399 5139 Ἀριστάρχου
423 5048 472 5117 διά
494 5050 543 5117 τὸν
566 5060 755 5139 χαρακτῆρα.
791 5050 895 5137 ἐπειδῆ
918 5054 950 5117 αἱ
973 5078 1040 5119 τοι·
1089 5050 1263 5140 οὐτάμεναι.
1310 5052 1368 5120 άπδ
1398 5052 1435 5140 δῆ
1465 5060 1517 5120 τοῶ
1546 5048 1655 5140 οὐτημι
1675 5055 1789 5141 γίνεται
1809 5057 1917 5141 παθη-

212 5159 300 5221 αὐται
323 5153 448 5242 μετοχαὶ
470 5151 759 5242 προπαροξύνονται,
786 5152 941 5240 ἱστάμενος
948 5205 958 5234 ,
988 5182 1040 5221 κι-
1089 5155 1155 5243 τικῆ
1180 5155 1293 5245 μετοχῆ
1316 5153 1478 5243 οὐτάμενος
1500 5156 1552 5223 καί
1574 5155 1733 5242 οὐτάμενοι
1747 5154 1788 5231 ῶς
1803 5155 1918 5246 κιχρά-

210 5256 371 5346 χράμενος.
411 5255 507 5345 ὁγὰρ
528 5255 654 5344 ποιητῆς
675 5265 718 5346 τῷ
739 5265 909 5346 χαρακτῆρι
928 5264 1040 5344 μᾶλλον
1090 5285 1185 5344 μενοι.
1232 5258 1299 5327 ἀλλ’
1326 5253 1363 5327 οὐ
1390 5286 1488 5347 φαμεν
1515 5256 1626 5347 ταύτην
1653 5260 1731 5326 εἶναι
1753 5263 1785 5326 ἐν
1807 5267 1843 5348 τῆ
1866 5268 1918 5328 νῶν
