4950 6578
1213 672 1254 734 26

381 855 527 934 Κλυτίος,
548 853 666 934 Ὁδίος,
691 856 817 933 Δολίος,
842 856 962 944 Τυχίος.
1011 856 1213 924 ἀντιπίπτουσι
1265 855 1391 937 Εόνεται,
1418 858 1556 944 Σχεδίος,
1580 856 1727 944 Χρομίος,
1746 858 1862 930 Δολίος.
1897 853 2088 934 άντιπίπτειί)

381 959 414 1024 δέ
443 958 521 1025 κατά
550 956 717 1046 παράδοσιν
747 958 780 1026 rb
806 955 922 1041 Ἀλιος,
948 955 1063 1042 Ἀνιος,
1095 962 1210 1041 Ξένιος,
1264 960 1297 1028 τὸ
1310 957 1410 1035 Ἅλιος
1433 959 1510 1026 κατὰ
1532 959 1585 1047 τῆν
1608 957 1785 1048 παράδοσιν,
1811 957 1861 1024 καί
1881 957 1914 1025 rb
1929 953 2024 1032 Ἀνιος
2041 956 2095 1024 καὶ

381 1058 520 1149 Κρόνιος.
1266 1062 1394 1153 Κρόνιος
1416 1064 1468 1130 καὶ
1491 1065 1593 1138 Ξένιος
1607 1069 1639 1147 ¹).

475 1186 493 1243 ¹21
515 1184 561 1239 Sic
579 1185 641 1238 cod.
662 1184 695 1238 V.
716 1185 752 1240 ab
770 1185 910 1238 ἀντιπίπτει
928 1201 1016 1255 usque
1034 1186 1069 1240 ad
1090 1183 1185 1244 Ξένιος.
1206 1216 1239 1224 -
1258 1184 1293 1241 cs.
1314 1186 1346 1240 L.
1368 1186 1469 1241 Herod.
1490 1187 1525 1240 ad
1544 1185 1567 1239 E
1587 1188 1645 1238 663.
1672 1186 1764 1255 Etym.
1780 1183 1853 1240 Gud.
1868 1187 1928 1249 328,
1944 1186 1985 1236 59.
2011 1184 2093 1239 Eunt.

381 1271 440 1332 ²64,
462 1272 504 1322 34.

1208 1463 1260 1524 35.

653 1560 692 1626 Ε.
718 1562 761 1627 Μ.
788 1564 860 1643 578,
888 1567 940 1628 54.
1508 1564 1544 1627 L.
1570 1562 1691 1630 Herod.
1719 1562 1749 1628 Ψ
1771 1567 1845 1628 361.

383 1681 596 1767 ,.μεμνέῳτο“;
626 1678 686 1759 ,ὡς
711 1682 863 1769 μεμνέῳτο
881 1679 1029 1770 δρόμους“
1053 1721 1095 1731 -
1114 1679 1210 1748 Ἰλιά-
1264 1685 1572 1771 προπαροξυτονητέον
1588 1682 1620 1750 rb
1646 1685 1852 1771 ,,μεμνέῳτο“.
1887 1679 2036 1770 γράφεται
2058 1684 2095 1748 δέ

383 1789 432 1858 δος
456 1781 486 1871 ψ’
509 1823 552 1833 -
575 1789 631 1851 361
661 1824 704 1832 -
738 1837 745 1850 .
774 1837 780 1850 .
810 1837 816 1851 .
845 1837 852 1851 .
878 1782 1131 1872 προπαροξύνεται
1159 1786 1211 1851 καί
1264 1784 1314 1852 καί
1330 1784 1382 1853 σόν
1397 1775 1514 1874 τῷἷτδ
1531 1776 1567 1853 οἶ.
1607 1782 1686 1854 οὕτω
1704 1786 1736 1853 δέ
1751 1786 1803 1853 καί
1825 1783 1840 1852 b
1860 1784 2093 1872 Ἀσκαλωνίτης,

385 1885 437 1954 σόν
461 1894 503 1976 τῷ
527 1906 537 1954 ι
560 1884 719 1976 γράφεται.
768 1886 825 1955 ἀπὸ
848 1895 900 1956 rob
924 1890 1092 1974 μεμνέσιτο,
1118 1887 1213 1976 abir]-
1267 1892 1301 1955 ἐκ
1329 1896 1381 1956 τοῦ
1412 1893 1566 1976 μεμνέοιτο
1591 1888 1755 1978 ῆγοόμενος
1779 1887 1851 1957 αὐτό
1875 1889 1963 1955 εἶναι.
2010 1888 2099 1978 παρὰ

384 2016 430 2056 σει
443 1998 495 2057 τοῦ
512 1981 530 2057 ό
543 1992 585 2064 είς
600 1978 639 2071 ὦ,
663 1993 827 2080 μεμνέῳτο.
868 1992 1011 2080 Ξενοφῶν
1029 1994 1061 2058 δὲ
1078 1998 1213 2081 μεμνῷτο
1267 1996 1368 2079 μέντοι
1391 1995 1563 2082 Ξενοφῶντι
1592 1989 1664 2061 άνευ
1692 2001 1744 2061 τοῦ
1773 1997 1788 2060 ἐ
1817 1993 1895 2059 ἐστίν
1925 1988 1941 2058 b
1965 2018 2098 2081 σχημα-

383 2089 454 2160 άνευ
477 2100 529 2160 τοῦ
553 2100 579 2159 ἐ.
629 2091 750 2181 Κράτης
774 2096 806 2160 δὲ
830 2099 980 2181 μεμνοῖτο.
1021 2095 1053 2161 rb
1077 2096 1111 2161 δὲ
1133 2093 1212 2161 άνά-
1265 2095 1367 2183 τισμός
1395 2097 1446 2162 καί
1477 2103 1732 2186 προπερισπδιται,
1764 2100 1795 2162 ἐν
1825 2093 1928 2184 Κόρου
1955 2098 2096 2172 παιδείας

380 2203 469 2282 λογον
500 2204 632 2285 μεμνῆτο
664 2196 714 2263 διὰ
743 2205 836 2283 τοῦῆ
866 2201 1083 2285 προσκειμένου
1111 2205 1163 2265 τοῦ
1187 2217 1208 2265 r.
1264 2198 1374 2289 πρώτῳ
1402 2204 1443 2283 (6,
1463 2206 1491 2287 3)
1521 2199 1610 2280 ,ἀλλ’
1630 2197 1679 2267 ‘bre
1693 2198 1730 2267 τά
1742 2194 1854 2289 ’άριστα
1869 2196 2001 2287 πράττοι,
2025 2197 2094 2267 τότε

384 2301 530 2388 Πίνδαρος
548 2301 580 2366 δὲ
597 2297 808 2389 Διυρικιότερον
829 2299 878 2367 διὰ
900 2311 953 2390 τῆς
975 2291 1009 2369 ὦ
1031 2304 1207 2390 μεμναίατο.
1264 2301 1392 2390 μάλιστα
1422 2303 1471 2370 τδν
1500 2304 1570 2371 θεὸν
1601 2311 1770 2393 μεμνῷτο“.
1816 2302 1849 2370 rb
1881 2304 1914 2370 δὲ
1945 2299 2089 2390 ἀνάλογον

1264 2406 1314 2474 διὰ
1335 2414 1387 2475 τοῦ
1409 2414 1428 2494 ῆ
1451 2411 1667 2497 προσκειμένου
1688 2413 1741 2474 rob
1763 2425 1774 2473 ῑ
1795 2405 1868 2495 παρ’
1887 2402 2091 2495 Ἀριστοφάνει

1263 2513 1294 2576 ἐν
1319 2509 1445 2600 Πλοότῳ
1469 2513 1599 2600 δευτέρῳ
1634 2514 1717 2595 (992)
1752 2510 1822 2589 ,ἵνα
1843 2507 1953 2597 τοιίμδν
1976 2506 2092 2597 ίμάτιον

1262 2620 1364 2701 φορῶν
1394 2612 1527 2702 μεμνῇτό
1556 2621 1646 2701 μου“.
1693 2612 1745 2679 καί
1770 2610 1860 2680 πάλιν
1881 2636 2092 2701 προπιρισπα-

1261 2719 1345 2783 στέον
1368 2720 1399 2782 ἐν
1431 2720 1542 2805 ἑτέροις
1573 2719 1673 2802 μέντοι
1695 2720 1822 2792 ἐντελῶς
1843 2717 1912 2805 περί
1932 2723 1985 2785 τοῦ
2006 2742 2092 2806 σχη-

1262 2827 1409 2906 ματισμοῦ
1441 2823 1579 2907 διέλαβον
1609 2819 1660 2886 καί
1687 2821 1755 2908 περί
1783 2828 1902 2910 γραφῆς
1929 2827 1982 2908 τῆς
2011 2820 2091 2887 κατὰ

1260 2923 1393 3011 γενικήν,
1419 2927 1498 3011 λέγω
1521 2924 1555 2990 δέ
1576 2931 1629 3011 τῆς
1653 2921 1764 3012 δρόμου
1787 2920 1990 3013 ῆαίτιατικῆς
2004 2930 2090 3011 πλη-

1261 3032 1400 3115 δυντικῆς
1423 3034 1475 3114 τῆς
1499 3025 1637 3115 δρόμους.

467 3110 502 3166 Os.
523 3111 603 3167 Είίδί.
627 3115 700 3174 1305,
722 3113 764 3166 48.

649 3421 687 3487 ιτ.
713 3421 756 3487 ιι.
782 3425 856 3505 586,
883 3425 936 3488 ιι.
1207 3323 1260 3385 36.
1521 3423 1558 3489 ι.
1584 3423 1703 3490 Herod.
1728 3422 1754 3489 E
1781 3427 1831 3488 19.

382 3536 623 3626 ,μεταμάζιονίίι
652 3592 659 3605 .
687 3592 694 3605 .
724 3592 730 3606 .
757 3543 788 3605 ἓν
811 3544 949 3628 ποιητέον
978 3540 1019 3616 ὡς
1048 3539 1081 3608 rb
1113 3538 1207 3628 μετά·
1263 3540 1503 3629 ,μεταμάζιον“;
1530 3537 1624 3617 οδτυις
1648 3540 1829 3630 μεταμάζιον
1844 3543 1875 3607 ἐν
1890 3543 2027 3628 ποιητέον
2044 3540 2086 3617 ὡς

382 3669 490 3732 φρενον
513 3643 563 3710 καί
579 3645 717 3710 ἐνυίπιον.
755 3649 906 3732 παρῆκται
929 3644 962 3710 δὲ
983 3643 1066 3732 παρά
1087 3642 1120 3710 rb
1144 3670 1208 3731 μα-
1260 3642 1293 3712 rb
1317 3644 1498 3734 μετάφρενον
1521 3646 1571 3714 καί
1594 3643 1732 3714 ἐνυίπιον.
1778 3650 1928 3733 παρῆκται
1951 3644 1984 3711 δέ
2004 3643 2088 3733 παρά

382 3744 433 3821 (br
456 3746 506 3812 καί
528 3744 581 3833 τῆν
606 3743 680 3833 μετά
702 3744 844 3835 πρόθεσιν
858 3752 892 3833 ¹),
919 3732 964 3821 ὡς
982 3745 1063 3833 παρά
1078 3744 1111 3814 rb
1125 3750 1207 3836 χδο-
1260 3747 1294 3815 rb
1317 3746 1411 3835 μαίός
1434 3750 1485 3816 καί
1507 3749 1559 3836 τῆν
1584 3746 1671 3837 μετά,
1697 3747 1737 3824 ὡς
1759 3747 1842 3838 παρά
1862 3746 1896 3816 rb
1911 3743 2021 3838 χδονός
2035 3747 2089 3814 καί

381 3845 429 3925 νός
460 3849 511 3915 καί
542 3847 594 3935 τῆν
626 3851 674 3916 ἐπί
703 3847 894 3939 ἐπιχίίόνιος,
930 3849 981 3916 καί
1009 3847 1062 3938 τῆν
1071 3853 1093 3935 ²)
1127 3847 1209 3938 παρά
1260 3849 1313 3938 τῆν
1330 3853 1380 3917 ἐπί
1393 3852 1577 3943 ἐπιχίίόνιος,
1601 3850 1684 3942 παρὰ
1698 3849 1832 3938 ποταμόν
1847 3847 2086 3941 παραποτάμιος.

379 3953 462 4036 καίέ)
489 3952 622 4039 ποταμός
643 3951 883 4042 παραποτάμιος.
929 3955 1042 4042 γίνεται
1071 3950 1128 4042 γὰρ
1157 3953 1208 4019 καί
1261 3956 1373 4042 γίνεται
1387 3954 1444 4045 γάρ
1461 3955 1511 4023 καί
1526 3953 1585 4022 άπὸ
1602 3952 1654 4023 δόο
1670 3957 1777 4030 λέξεων
1794 3952 1870 4022 κατὰ
1885 3952 2084 4042 παράδεσινῆ

275 4105 284 4116 .
381 4054 439 4122 ἀπὸ
463 4053 515 4122 δόο
539 4058 646 4130 λέξεων
669 4060 701 4124 ἐν
724 4084 752 4124 τι
773 4055 975 4148 παραγυγόν,
1000 4054 1042 4132 ὡς
1064 4055 1096 4124 rb
1120 4057 1207 4124 Νεα-
1261 4061 1292 4125 έν
1314 4086 1343 4125 τι
1363 4058 1561 4148 παραγωγάν,
1598 4056 1638 4133 ὡς
1665 4057 1697 4127 rb
1721 4060 1908 4145 Νεαπολίτης
1937 4056 1987 4122 καί
2009 4051 2091 4125 άλλα

380 4160 503 4247 πολίτης
525 4159 575 4226 καί
598 4155 677 4228 ἄλλα
701 4163 800 4251 μυρία.
1262 4164 1361 4249 μυρία.

471 4284 488 4346 ¹)
510 4281 631 4352 τρίίεσιν
649 4298 703 4337 om.
724 4282 805 4337 codd.
827 4283 852 4337 V
870 4288 900 4337 et
916 4282 952 4349 D,
973 4286 1005 4338 ut
1022 4282 1121 4340 Venet.
1141 4280 1177 4336 A.
1221 4285 1240 4347 2)
1261 4285 1303 4337 καί
1320 4286 1367 4354 τήν
1385 4291 1415 4339 et
1432 4283 1474 4336 καί
1492 4284 1557 4338 item
1576 4297 1629 4336 om.
1649 4281 1731 4335 codd.
1752 4279 1787 4344 D,
1808 4278 1839 4332 P.
1881 4279 1901 4343 ³)
1922 4281 1990 4334 κατὰ
2007 4283 2090 4352 παρά-

381 4364 451 4421 δεσιν
468 4368 497 4422 lu
515 4367 608 4438 Etym.
629 4382 683 4423 nou
701 4368 813 4438 legitur.

650 4658 688 4724 E.
714 4659 757 4725 Μ.
783 4661 856 4741 685,
884 4662 936 4725 26.
1206 4562 1257 4623 37·
1356 4730 1367 4748 .
1504 4659 1542 4725 L.
1567 4656 1686 4725 Herod.
1713 4656 1739 4723 Α
1764 4659 1840 4724 464.

383 4831 533 4845 ......
558 4775 592 4845 rb
617 4775 732 4864 ,αὐτὰρ
754 4778 818 4845 ἐπεί
841 4776 920 4845 κατὰ
942 4777 1013 4867 μῆρ’
1041 4776 1137 4865 ἐκάη“
1165 4820 1207 4830 -
1263 4777 1356 4868 ,μῆρ’
1378 4775 1494 4865 ἐκάη“;
1523 4779 1709 4864 Πτολεμαῖος
1730 4776 1763 4844 rb
1782 4783 1797 4842 ἐ
1819 4777 1984 4843 τελευταῖον
1999 4776 2082 4860 λαρν-

381 4883 487 4948 Αιίίίί
511 4922 550 4931 -
576 4882 762 4966 Πτολεμαῖος
784 4879 817 4947 rb
840 4885 1041 4948 ἐτελευταῖον
1061 4881 1207 4970 λαμβάνει
1262 4881 1346 4972 βάνει
1374 4887 1426 4948 τοῦ
1457 4887 1553 4971 μῆρε,
1591 4882 1642 4948 ἵνα
1677 4878 1837 4968 ίακιότερον
1869 4878 2023 4963 ἐκδέξηται
2050 4874 2086 4943 rb

379 4991 432 5051 τοῦ
455 4990 543 5071 μῆρε,
567 4984 617 5050 ἵνα
642 4981 803 5072 ίακιιίτερον
826 4987 981 5071 ἐκδέξηται
995 4984 1028 5051 rb
1044 4983 1116 5072 κάη.
1156 4987 1207 5051 καί
1259 4983 1330 5073 κάη.
1371 4985 1422 5051 καί
1440 4983 1632 5073 Ἀρίσταρχος
1649 4984 1681 5049 δὲ
1697 4978 1801 5057 οδτιυς.
1840 4978 1965 5047 δόναται
1986 4979 2088 5045 δὲκαὶ

375 5087 566 5176 ’Ἀρίσταρχος
583 5088 616 5153 δέ
631 5082 720 5153 σίίτιυ.
762 5084 886 5154 δόναται
909 5089 942 5154 δέ
964 5087 1014 5154 καί
1036 5086 1112 5175 ἐκάη
1130 5090 1208 5155 εἶναι
1260 5085 1335 5175 ἐκάη
1352 5086 1476 5155 εἶναιτὸ
1492 5092 1617 5174 πλῆρες,
1635 5088 1801 5174 ἐκίίλίψεινς
1816 5086 1977 5172 γενομένης
1988 5086 2041 5177 τοῦ
2053 5090 2087 5163 ᾶ,

379 5189 566 5279 τὸ-πλῆρες,
592 5191 764 5277 ἐκδλίψεσις
780 5193 941 5278 γενομένης
962 5197 1015 5258 rob
1038 5199 1077 5271 οἰ,
1106 5186 1207 5279 ὥσπερ
1260 5187 1360 5280 ὥσπερ
1382 5190 1432 5258 καί
1454 5189 1502 5257 ἐπί
1523 5195 1575 5256 τοῦ
1598 5192 1804 5277 ἐντελεστέρου
1826 5184 1918 5256 αότοῦ
1933 5184 2052 5274 δρῶμεν
2064 5189 2085 5273 ¹)

379 5295 431 5360 καί
446 5295 494 5361 ἐπί
509 5300 561 5361 τοῦ
576 5296 780 5384 ἐντελέστερον
796 5297 954 5385 εἰρημένου
966 5300 983 5383 ¹)
1007 5292 1103 5375 ,κατὰ
1117 5296 1207 5361 πίονα
1261 5289 1300 5381 „b
1325 5299 1351 5361 εί
1375 5292 1411 5380 δή
1435 5296 1506 5359 ποτέ
1528 5320 1574 5360 τοι
1596 5289 1672 5360 κατὰ
1693 5294 1782 5360 πίονα
1812 5288 1893 5379 μηρί’
1922 5290 2021 5377 ἔκηα“
2045 5326 2089 5339 -

553 5596 566 5631 Ι
