4950 6578
1009 641 1049 703 27

177 831 261 921 μήρι’
282 832 379 918 ἔκηα“
391 843 437 881 “-
454 834 496 895 40
514 866 563 893 -.
588 825 621 894 τὸ
638 829 671 894 δὲ
685 833 817 894 τοιοῦτον
831 824 908 894 πολύ
922 824 1004 914 παρὰ
1057 832 1099 891 40
1116 864 1168 888 -.
1193 825 1225 892 τὸ
1243 825 1276 891 δέ
1291 830 1405 892 τοιοῦτο
1420 823 1496 890 πολύ
1511 823 1594 912 παρὰ
1608 829 1651 911 τῷ
1666 831 1788 913 ποιητῆ,
1806 828 1884 912 λέγω

175 940 220 1022 τῷ
234 939 356 1021 ποιητῆ.
388 929 587 1019 ἀπεφηνάμην
604 931 637 997 δέ
652 933 854 1017 ἐντελέστερον
874 929 1000 1013 [εἶναιβλ
1058 931 1091 996 δὲ
1120 927 1152 996 τὸ
1181 931 1232 995 καὶ
1256 927 1305 994 τὸν
1328 926 1436 1016 χρόνον
1459 925 1508 994 τὸν
1532 928 1641 1000 ἔξωθεν
1665 926 1828 1016 φυλάσσειν
1850 927 1884 995 τὸ

176 1035 210 1103 τὸ
234 1038 340 1125 μηρίον
353 1041 405 1102 τοῦ
421 1031 516 1122 μηρόν
524 1038 560 1117 ⁴).
601 1037 635 1099 ἐκ
657 1033 715 1122 γάρ
739 1037 888 1120 συγκοπῆς
912 1030 1004 1099 αύτοδ
1057 1036 1139 1121 βῆμα
1162 1033 1212 1098 καί
1229 1030 1433 1121 συνάρχεσθαι
1448 1036 1492 1119 τῷ
1507 1033 1645 1096 ἐνεστῶτι
1654 1035 1696 1116 ²)·
1722 1031 1883 1120 ἀπεφηνά-

178 1143 339 1226 έγένετοὸ).
377 1139 443 1205 ἐπεί
464 1164 510 1204 τοι
532 1135 690 1204 εὐθύνεται
712 1134 728 1203 ό
750 1129 845 1211 τόνος.
884 1134 921 1203 τά
942 1130 1002 1224 γὰρ
1057 1164 1115 1224 μην
1140 1138 1173 1202 δέ
1195 1138 1397 1222 ἐντελέστερον
1420 1134 1453 1201 τὸ
1477 1136 1582 1222 μηρίον
1606 1140 1657 1201 τοδ
1682 1134 1778 1222 μήρου
1801 1131 1880 1218 w).

177 1247 219 1316 εἰς
245 1230 279 1316 ο-ς
302 1238 450 1328 λήγοντα,
482 1238 752 1327 μεταπλασσύμενα
779 1243 822 1314 είς
845 1239 1001 1326 υύδέτερον
1053 1243 1087 1306 ἐκ
1116 1239 1173 1328 γάρ
1208 1245 1357 1326 συγκοπῆς
1392 1237 1483 1307 αὐτοῦ
1517 1236 1650 1326 ἐγεγόνει
1659 1241 1696 1322 ⁵).
1744 1239 1809 1305 ἐπεί
1837 1265 1882 1304 τοι

174 1344 223 1410 τὸν
253 1341 341 1410 αύτὸν
369 1342 454 1410 τόνον
485 1342 637 1432 φυλάττει.
684 1343 700 1409 ό
724 1343 811 1431 ζυγός
836 1343 869 1409 τὸ
892 1340 998 1429 ζυγόν·
1053 1340 1211 1410 εὐθύνεται
1227 1341 1243 1408 ὃ
1259 1341 1360 1416 τόνος
1392 1339 1501 1431 τάγάρ
1518 1330 1767 1440 alchu-{0213
1785 1368 1881 1427 μετα-

175 1445 191 1512 δ
215 1447 319 1538 δίφρος
340 1445 373 1513 τὸ
397 1449 513 1538 δίφρον.
556 1443 627 1515 ὅθεν
650 1447 699 1513 καί
724 1445 817 1534 μηρός
841 1444 934 1534 μηρόν
951 1444 1001 1511 καί
1052 1442 1246 1531 πλασσόμενα
1269 1449 1311 1520 είς
1335 1444 1489 1533 ούδέτερον
1512 1447 1596 1530 γένος
1619 1441 1651 1510 τὸ
1667 1448 1709 1519 είς
1726 1471 1758 1510 ον
1775 1450 1879 1532 λῆγον,

176 1548 269 1637 μηρά.
317 1552 500 1635 Sequuntur
522 1552 641 1619 alieua.
1053 1546 1102 1614 τὸν
1127 1546 1215 1615 αύτδν
1237 1546 1320 1615 τόνον
1344 1546 1535 1637 φυλάσσειί).
1584 1546 1712 1634 δίυγύς
1738 1545 1771 1613 τὸ
1795 1545 1883 1634 ζυγόν

1051 1692 1094 1700 -
1115 1649 1152 1718 τά
1176 1650 1250 1739 ζυγά
1261 1658 1305 1735 ⁷),
1337 1654 1440 1740 δίφρος
1470 1653 1592 1739 δίφρον,
1626 1652 1762 1739 δίφραίγ.
1811 1647 1882 1717 ὅθεν

1052 1758 1109 1837 eu)
1144 1757 1194 1822 καί
1224 1753 1335 1844 μηρός,
1366 1754 1417 1821 καί
1447 1752 1540 1842 μηρόν
1564 1755 1616 1823 καί
1641 1752 1734 1842 μηρά.
1786 1757 1824 1839 [εί
1847 1754 1881 1820 δὲ

1052 1864 1134 1946 μῆρα
1156 1857 1207 1924 καί
1230 1857 1367 1948 μήρους.]
1416 1859 1442 1924 εί
1466 1858 1499 1922 δὲ
1523 1859 1664 1945 δοίημεν,
1697 1854 1741 1924 δτι
1771 1860 1880 1946 κυρίως

1052 1958 1089 2028 τά
1112 1959 1298 2049 ἀγιαξόμενα
1321 1965 1402 2036 θεοῖς
1426 1966 1508 2048 μῆρα
1527 1963 1676 2038 καλεῖται,
1699 1958 1732 2027 τὸ
1747 1961 1815 2049 περί
1830 1967 1883 2028 τοῦ

1054 2067 1275 2152 σημαινομένου
1303 2063 1354 2130 καί
1381 2068 1433 2130 τοῦ
1462 2062 1528 2151 περὶ
1556 2062 1606 2130 τὸν
1633 2061 1716 2130 τόνον
1740 2062 1881 2153 ἁμαρτή-

1054 2195 1144 2255 ματος
1167 2166 1220 2255 τῆν
1244 2171 1320 2242 λέξιν
1344 2165 1480 2234 ἀπολύει.

261 2288 296 2346 cs.
316 2288 419 2346 Herod.
440 2291 475 2344 ad
494 2289 517 2344 B
537 2292 596 2343 427.
653 2291 671 2354 ί)
692 2289 784 2360 Etym.
806 2289 842 2342 M.
863 2288 1015 2362 εἰρημένον,
1035 2288 1134 2346 Venet.
1156 2288 1192 2344 A.
1213 2291 1290 2344 αὐτοῦ
1309 2291 1418 2361 ὁρῶμεν.
1473 2288 1492 2348 ²]
1514 2287 1608 2343 Verba
1626 2286 1694 2360 λέγω
1712 2289 1882 2343 -ἐνεστῶτι

175 2377 268 2430 omisit
286 2375 380 2448 Etym.
433 2375 452 2437 ³)
474 2375 622 2430 delendum
646 2382 706 2440 est,
732 2390 786 2430 om.
806 2375 868 2429 cod.
889 2375 925 2430 D.
979 2377 1000 2441 ⁴)
1025 2392 1095 2431 corr.
1117 2384 1149 2431 ut
1166 2376 1193 2431 in
1213 2377 1313 2431 Venet.
1333 2372 1368 2429 Α.
1389 2391 1440 2444 pro
1457 2379 1503 2428 τοῦ
1521 2374 1604 2446 μηρόν
1621 2403 1656 2412 -
1673 2381 1718 2428 τοῦ
1738 2382 1822 2447 μηροῦ
1841 2375 1877 2429 δν.

173 2464 192 2521 ⁵}
214 2463 313 2533 ἐγίνετο
331 2464 424 2534 Etym.
446 2462 480 2515 Μ.
501 2463 612 2534 ίγιγύντι
630 2463 728 2518 venet.
749 2460 784 2516 Α.
838 2464 859 2524 ⁶)
884 2465 1057 2517 oontrsetius
1075 2463 1167 2534 Etym.
1196 2464 1424 2532 μεταπλασσύμενα
1446 2462 1482 2520 τίς
1505 2459 1637 2530 οὐδέτερον
1655 2461 1697 2513 τὸν
1717 2463 1790 2516 αὑτὸν
1808 2464 1882 2516 τύνον

174 2548 302 2618 φυλάττοι.
339 2552 359 2613 ⁷)
379 2549 455 2605 unce
473 2548 592 2617 plutaua
611 2550 684 2620 ζυγά,
704 2549 781 2620 δίφροι
800 2549 896 2604 omisit
913 2548 1007 2621 Etym.
1044 2552 1064 2614 ὅ)
1085 2551 1107 2602 εί
1126 2550 1205 2605 deest
1224 2551 1252 2603 in
1270 2549 1363 2620 Etym.
1385 2549 1422 2603 M.

443 2867 481 2933 υ.
506 2867 549 2931 κ.
576 2867 650 2946 639,
678 2869 730 2930 35.
999 2766 1051 2829 Ἀ
1300 2867 1337 2931 L.
1364 2863 1482 2931 Herod.
1508 2864 1532 2929 Θ
1559 2868 1631 2929 178.

175 2983 423 3074 „oussev60mpa“:
446 2983 573 3059 Ἰλιάδος
596 2983 625 3049 θ’
651 2988 825 3049 -178-
853 3034 918 3050 ...
945 2983 996 3073 ὑφ’
1056 2984 1301 3073 ,ούδενόσωραίίε
1330 2982 1370 3059 ὡς
1385 2982 1551 3073 κυνόσουρα
1575 2982 1630 3071 ὑφ’
1648 2986 1679 3050 ἓν
1704 2983 1780 3051 κατὰ
1804 2982 1878 3052 σύν-

173 3090 204 3152 ἓν
227 3087 304 3154 κατὰ
327 3086 477 3168 σύνθεσιν,
503 3091 529 3154 εί
547 3086 598 3152 καί
614 3085 907 3173 σπάνιοςῆτοιαύτη
926 3085 999 3154 σύν-
1054 3090 1158 3168 θεσιν,
1193 3091 1220 3154 εί
1247 3088 1299 3153 καί
1329 3085 1450 3161 σπάνιος
1480 3086 1500 3173 ἡ
1530 3084 1652 3174 τοιαύτη
1685 3086 1821 3163 σύνθεσις
1851 3092 1881 3162 ἐξ

175 3194 256 3264 θεσις
280 3195 310 3263 ἐξ
332 3189 513 3279 ἀποφασέως
534 3189 586 3256 καί
609 3191 773 3275 συνδέσμου
795 3191 845 3256 καί
868 3197 920 3277 τῆς
935 3190 1000 3266 ἑνός
1054 3190 1234 3280 ἀποφάσεως
1263 3192 1315 3257 καί
1338 3194 1504 3277 συνδέσμου
1527 3191 1577 3256 καί
1600 3190 1652 3277 τῆς
1676 3190 1741 3266 ἑνός
1762 3198 1881 3280 γενικῆς

173 3297 311 3381 γενικῆς,
339 3298 433 3360 ταῦτα
456 3293 489 3359 δὲ
511 3297 642 3378 ποιητῶν
664 3291 842 3379 τολμήματα
866 3297 897 3359 αί
920 3297 999 3366 ξέναι
1053 3297 1232 3378 ίντελοδςί).
1274 3293 1415 3361 ούδέποτε
1437 3290 1494 3380 γάρ
1518 3289 1613 3368 υύτως
1636 3290 1711 3380 αύτη
1734 3292 1754 3380 ἡ
1778 3293 1891 3381 γενικῆ,

174 3400 327 3472 συνθέσεις
338 3401 376 3482 ²).
1053 3399 1231 3464 συντίθεται.
1279 3396 1348 3464 ἀλλ’
1385 3396 1448 3483 οίγε
1481 3397 1604 3483 ποιηταὶ
1636 3402 1768 3483 τολμῶσι
1798 3401 1881 3472 ξένας

386 3495 392 3506 ’
1053 3503 1205 3575 συνθέσεις
1214 3504 1251 3585 ²).

256 3620 334 3686 Quae
358 3628 503 3693 praeterea
521 3621 572 3676 ίναυ
590 3622 618 3675 in
635 3622 731 3690 glossa
749 3622 880 3690 leguntur
897 3621 1040 3690 descripta
1059 3627 1125 3677 nunt
1141 3623 1173 3676 ἐκ
1188 3627 1235 3675 τοῦ
1249 3619 1411 3695 Ἧρωδωνοῦ
1429 3623 1486 3692 περὶ
1503 3623 1660 3694 σχημάτων,
1685 3637 1767 3690 quom
1785 3623 1878 3694 Etym.

172 3706 225 3760 hoc
243 3708 305 3762 Ιυοο
323 3709 422 3763 citavit
440 3707 475 3762 ef.
496 3708 641 3762 Lentziun
659 3706 687 3760 11
706 3724 733 3775 ρ.
748 3709 808 3771 848,
831 3711 871 3762 lu.
891 3739 926 3746 -
943 3709 1095 3763 Herodiani
1114 3711 1149 3768 ὼς
1167 3709 1310 3778 ιωνόσοορο
1328 3708 1432 3775 legitur
1449 3707 1478 3761 in
1497 3707 1530 3761 V.
1557 3737 1590 3746 -
1616 3711 1631 3769 ¹)
1653 3709 1733 3762 deest
1751 3710 1780 3762 in
1793 3709 1825 3763 E.
1842 3709 1877 3763 λί.

172 3793 191 3855 ’1)
212 3793 306 3863 Etym.
326 3795 410 3861 ραιιίο
428 3796 607 3850 εοπιτιυείυυ.
626 3823 660 3833 -
678 3792 716 3848 σί.
736 3792 816 3847 Eunt.
839 3797 899 3859 70u,
922 3799 944 3848 1.

998 4012 1050 4074 39.

439 4111 478 4175 Ε.
503 4111 548 4177 Μ.
574 4114 648 4191 640,
674 4115 728 4175 47.
1298 4111 1335 4177 L.
1361 4111 1480 4177 Herod.
1507 4110 1535 4178 K
1562 4115 1633 4179 134.

295 4223 410 4315 ,ούλη“
436 4231 468 4296 δὲ
491 4227 661 4319 βαρύνεται.
709 4229 760 4296 καί
785 4228 818 4296 τὸ
841 4228 996 4319 ἀρσενικὸν
1052 4224 1146 4317 ,ούλη
1170 4229 1241 4295 δ’”“;
1276 4226 1318 4304 ὡς
1340 4229 1450 4318 κούρη·
1491 4226 1585 4306 οὕτως
1607 4227 1665 4320 γὰρ
1690 4231 1741 4297 καί
1762 4229 1795 4297 τδ
1818 4231 1879 4320 ἀρ-

173 4326 274 4397 αύτοῦ.
314 4332 364 4397 καλ
388 4332 500 4418 μήποτε
522 4331 668 4419 ἀνάλογος
690 4332 709 4421 ῆ
732 4331 814 4422 παρά
829 4339 872 4421 τῷ
887 4339 996 4422 ποιητῆ
1050 4332 1164 4400 σενικὸν
1189 4330 1279 4399 αύτυδ
1302 4331 1462 4421 ἐβαρύνετο
1487 4329 1605 4413 ,οὔλων
1617 4338 1637 4420 ¹)
1664 4361 1697 4401 τε
1718 4335 1877 4422 ταπήτων*

172 4432 337 4520 ἀνάγνωσις
358 4433 430 4523 πρὸς
451 4434 505 4521 τῆν
527 4434 629 4523 κυινῆν
647 4435 821 4522 συνήθειαν,
847 4436 909 4524 εἴγε
925 4434 997 4512 ὀξύ·
1053 4477 1088 4486 -
1117 4437 1142 4503 Π
1167 4440 1229 4501 224
1255 4476 1305 4500 —.
1366 4435 1462 4525 τούτιρ
1497 4439 1746 4524 συγκατατίθεται
1779 4438 1828 4505 καί
1862 4439 1878 4505 ὃ

172 4541 284 4624 νεταιθ)
311 4536 344 4604 τὸ
365 4532 460 4624 ’όνομα
482 4536 640 4625 λεγόμενον
663 4537 751 4614 ούλδς
774 4534 932 4628 άνθρυπος
945 4541 999 4606 καί
1045 4538 1263 4626 Ἀσκαλωνίτης
1284 4539 1336 4605 καί
1355 4538 1489 4614 Ἀλεξίων
1511 4540 1562 4607 καί
1581 4540 1783 4630 Ἀρίσταρχος.
1827 4543 1880 4608 καί

173 4638 247 4728 ούλῆ
276 4639 374 4728 κύμη·
408 4639 444 4708 ού
474 4643 541 4709 δίον
565 4645 609 4709 δέ.
655 4641 692 4708 τά
714 4641 772 4731 γάρ
796 4646 838 4718 είς
859 4632 912 4718 λ-ος
935 4641 997 4730 λή-
1050 4641 1163 4731 μήποτε
1192 4640 1339 4729 ἀνάλογος
1364 4640 1384 4728 ῆ
1407 4643 1490 4731 παρὰ
1511 4650 1555 4731 τῷ
1579 4651 1690 4732 ποιητῆ
1713 4643 1880 4732 ἀνάγνωσις

171 4770 262 4830 γοντα
295 4741 461 4831 δισύλλαβα
498 4742 538 4833 μῆ
572 4747 682 4835 ἔχοντα
713 4744 771 4834 πρὸ
804 4736 897 4814 τοδλ
922 4740 998 4813 ἄλλο
1049 4745 1121 4835 πρὸς
1149 4745 1202 4834 τῆν
1232 4745 1334 4833 κοινῆν
1359 4733 1540 4832 συνήθειαν,
1572 4747 1602 4814 εἴ
1621 4775 1656 4835 γε
1679 4747 1877 4834 όξυτονοδσιθ)

173 4845 350 4935 σύμφωνον,
380 4846 618 4937 παραληγόμενα
641 4850 674 4916 δέ
695 4853 739 4937 τῷ
761 4856 796 4932 ὁ,
827 4844 894 4938 ἤτοι
916 4847 998 4937 μόνω
1049 4848 1083 4916 τὸ
1105 4843 1218 4936 άνομα,
1250 4852 1385 4937 λέγοντες
1415 4848 1505 4925 ούλδς
1535 4845 1694 4939 ἄνθρωπος
1723 4853 1775 4918 καί
1805 4851 1879 4939 υύλή

172 4945 191 5034 ῆ
221 4949 291 5035 μεθ’
325 4953 428 5040 ἑτέρου
456 4950 644 5039 φωνήεντος,
679 4951 858 5042 βαρύνεται,
891 4951 994 5032 πόλος,
1048 4951 1146 5040 κόμη·
1182 4951 1225 5019 ού.
1247 4956 1315 5023 δέον
1346 4957 1390 5020 δέ.
1444 4949 1481 5020 τά
1510 4952 1568 5040 γάρ
1596 4957 1639 5029 είς
1667 4944 1724 5030 λος
1749 4953 1878 5042 λήγοντα

175 5050 289 5132 στόλος,
313 5058 425 5135 κοῖλος,
450 5058 568 5131 δοῦλος.
603 5059 779 5145 προσέθηκα
796 5057 829 5121 δὲ
845 5054 886 5142 μῆ
902 5057 996 5145 ἔχον·
1050 5053 1217 5143 δισύλλαβα
1239 5054 1281 5143 μῆ
1304 5058 1413 5145 ἔχοντα
1428 5055 1486 5145 πρὸ
1503 5047 1594 5124 τσδλ
1613 5053 1688 5125 άλλο
1704 5056 1876 5146 σύμφωνον,

173 5160 243 5238 ταί)
269 5153 440 5245 σύμφωνον,
466 5156 516 5224 διά
537 5156 570 5224 τὸ
593 5157 715 5248 μοχλός.
758 5157 792 5224 τὸ
815 5160 914 5244 μέντοι
936 5162 996 5224 θο-
1048 5157 1285 5247 παραληγόμινα
1308 5161 1342 5226 δὲ
1362 5166 1406 5248 τῷ
1428 5179 1458 5241 u,
1481 5155 1550 5248 ῆτοι
1573 5162 1657 5250 μόνιμ
1677 5157 1698 5247 ῆ
1715 5159 1785 5248 μεθ’
1806 5165 1876 5228 έτέ-

173 5257 224 5333 λός
246 5257 418 5348 ὀξυνύμενον
440 5260 512 5351 πρὸς
534 5259 760 5349 ἀντιδιαστολήν
782 5265 872 5328 ἐστιν.
1050 5288 1104 5351 ρου
1126 5261 1312 5351 φωνήεντος,
1338 5261 1517 5351 βαρύνεται,
1540 5261 1649 5344 πόλος,
1674 5262 1789 5347 στύλος,
1815 5264 1874 5330 θύ-

1634 5370 1671 5421 ⁴.
