4950 6578
1219 661 1238 720 2

379 848 481 914 oculis
503 853 736 932 percurrerunt.
787 847 850 912 Sed
875 867 1065 929 quamquam
1089 847 1121 911 in
1144 847 1215 931 ipso
1238 847 1345 912 iudice
1368 847 1573 931 scriptorum,
1599 866 1693 928 quern
1717 845 1863 911 omnibus
1885 846 2030 911 numeris
2056 854 2093 914 et

378 952 525 1037 partibus
548 951 710 1033 expletum
733 969 805 1015 ease
827 970 920 1015 neme
942 949 1133 1016 contendere
1156 950 1257 1030 ausit,
1288 949 1464 1015 Herodiani
1494 969 1608 1015 nomen
1638 949 1759 1015 centies
1781 948 1888 1013 tricies
1911 949 2105 1033 quinquies.

378 1055 574 1139 appellatur,
607 1053 698 1118 varia
726 1052 794 1117 eins
824 1052 945 1137 scripta
974 1053 1120 1137 apposito
1152 1053 1243 1118 titulo
1272 1053 1480 1119 undecenties
1510 1052 1661 1133 citantur,
1695 1060 1803 1118 tamen
1830 1050 1891 1117 boc
1920 1052 1991 1119 sine
2013 1054 2094 1120 ulla

378 1157 577 1223 dubitatione
607 1155 860 1222 confirmaverim
884 1155 1056 1221 Herodiani
1084 1175 1198 1221 nomen
1229 1156 1326 1221 multo
1356 1155 1487 1240 saepius
1510 1155 1733 1239 Etymologum
1762 1162 1869 1222 tacere
1898 1175 1995 1237 quam
2020 1176 2093 1243 ap-

379 1261 501 1346 pellare
525 1280 613 1325 more
635 1259 823 1342 pervulgato
846 1258 1095 1339 librariolcrum,
1122 1259 1176 1340 qui
1199 1258 1315 1324 alienis
1338 1258 1615 1324 observationibus
1638 1278 1753 1323 nomen
1775 1277 1885 1339 suum,
1916 1264 2094 1343 tamquam

380 1364 442 1448 ipsi
464 1371 609 1428 auctores
633 1368 751 1439 essent,
778 1360 906 1427 adicere
928 1381 992 1425 non
1015 1361 1251 1427 dubitaverunt.
1291 1362 1333 1426 Ut
1355 1361 1425 1439 hoc,
1451 1360 1536 1444 quod
1558 1361 1641 1441 dico,
1668 1362 1809 1445 probem,
1836 1363 2018 1446 exemplum
2047 1385 2095 1432 ex

380 1467 440 1531 bac
464 1466 535 1550 ipsa
557 1465 761 1548 quaestione,
794 1484 890 1545 quarn
919 1464 1129 1546 instituimus,
1163 1485 1354 1549 proponam:
1382 1460 1569 1549 Ἡρωδιανὸς
1593 1466 1623 1528 ἐν
1646 1471 1681 1550 τῇ
1702 1460 1816 1549 Ἰλιακῇ
1839 1466 1994 1552 προσῳδίᾳ
2018 1468 2095 1536 bis

379 1569 412 1635 in
427 1569 648 1653 Etymclogicc
664 1568 780 1650 Magno
797 1568 920 1647 citatur,
948 1587 1017 1632 sex
1039 1568 1129 1647 locis,
1156 1568 1208 1650 qui
1231 1567 1372 1634 indidem
1388 1568 1420 1631 in
1436 1567 1688 1652 Etymolcgicum
1705 1567 1857 1649 Magnum
1873 1569 2090 1656 transierunt,

380 1671 553 1737 Herodiani
583 1691 698 1736 nomen
725 1671 928 1754 appellatur,
961 1672 1118 1749 ceptum
1150 1669 1379 1752 duodecim,
1412 1690 1491 1752 quos
1515 1676 1681 1755 praeterea
1703 1690 1743 1735 ex
1766 1670 1826 1735 boc
1848 1669 1935 1737 fonte
1957 1676 2094 1760 compi-

379 1774 458 1840 lavit
481 1773 701 1858 Mtymologus,
728 1771 881 1838 omissum
904 1779 964 1853 eat,
991 1771 1075 1854 quod
1099 1780 1201 1837 utrum
1226 1774 1358 1839 consilio
1381 1773 1450 1839 eius
1473 1773 1515 1838 sit
1537 1773 1770 1858 imputandum,
1796 1792 1837 1836 an
1860 1794 1899 1838 ea
1920 1773 1961 1841 de
1983 1797 2095 1846 causa

380 1877 514 1957 factum,
549 1875 634 1958 quod
664 1876 697 1939 in
727 1874 778 1940 bis
805 1875 950 1939 omnibus
974 1874 1189 1940 Herodianum
1213 1896 1249 1942 se
1273 1877 1380 1959 legere
1403 1878 1500 1961 plane
1523 1877 1636 1958 effugit
1658 1896 1745 1956 eum,
1778 1896 1863 1940 nunc
1891 1877 2023 1960 quidem
2055 1882 2093 1949 in

380 1979 483 2045 medio
506 1979 662 2060 relinquo.
709 1978 794 2043 Fieri
823 1979 921 2043 etiam
952 1977 1049 2043 facile
1071 1979 1176 2062 potuit
1197 1985 1233 2043 ut
1255 1979 1384 2044 serioris
1407 1979 1523 2045 aetatis
1546 1978 1668 2044 librarii
1691 1979 1741 2044 vel
1765 1999 1822 2063 per
1843 1981 2093 2064 neglegentiam

379 2084 430 2148 vel
460 2081 655 2146 imminuturi
684 2081 745 2146 sibi
776 2079 977 2151 describendi
1004 2081 1162 2162 laborem,
1197 2100 1280 2162 quae
1304 2089 1372 2146 crat
1393 2081 1481 2147 illius
1505 2082 1577 2147 aevi
1599 2082 1732 2164 inertia,
1766 2083 1897 2148 nomina
1918 2091 2091 2153 auctorum

380 2185 634 2269 supprimerent,
669 2184 720 2247 vel
744 2183 857 2265 etiam,
884 2184 912 2248 si
935 2182 1064 2264 quando
1087 2184 1144 2248 illa
1166 2183 1261 2250 nimis
1285 2191 1435 2269 corrupta
1457 2192 1513 2250 aut
1535 2205 1594 2270 per
1616 2192 1708 2252 notas
1731 2186 1850 2271 scripta
1872 2186 2085 2273 invenissent,

380 2287 466 2370 quod
489 2287 647 2354 interdum
671 2286 791 2352 factum
814 2305 886 2351 esse
908 2286 1123 2370 compluribus
1146 2288 1303 2372 exemplis
1326 2287 1450 2354 ostendi
1473 2293 1595 2372 potest,
1626 2308 1689 2355 non
1711 2289 1892 2356 describere
1914 2311 2009 2376 quam
2032 2294 2087 2361 vi-

380 2392 460 2458 tiose
483 2391 623 2458 scribere
646 2390 786 2457 mallent.

467 2491 623 2570 Quoniam
648 2499 694 2557 tot
708 2491 882 2558 Herodiani
906 2490 1134 2557 adnotamenta
1149 2490 1360 2577 Mtymologus
1383 2493 1417 2557 in
1439 2494 1554 2559 librum
1580 2515 1672 2560 suum
1688 2496 1860 2579 transtulit,
1886 2496 1947 2563 iam
1963 2518 2083 2582 operae

380 2596 517 2681 pretium
540 2617 590 2661 me
613 2595 769 2660 facturum
793 2595 946 2678 putabam
969 2634 1010 2641 -
1034 2602 1069 2659 ut
1091 2594 1170 2658 nihil
1193 2594 1298 2660 dicam
1321 2595 1362 2661 de
1385 2596 1499 2676 fructu,
1526 2617 1621 2678 quem
1642 2597 1717 2662 inde
1740 2599 1766 2663 si
1790 2598 1889 2664 minna
1909 2597 2075 2683 adipsum

382 2699 600 2765 Herodianum
623 2697 665 2763 ad
688 2696 910 2762 illustrandam
933 2703 1039 2761 tamen
1062 2697 1290 2780 grammaticae
1313 2718 1452 2782 graecae
1474 2699 1640 2766 historiam
1656 2702 1852 2767 nasciturum
1865 2719 1935 2766 esse
1948 2702 2078 2786 speravi

380 2839 422 2849 -
445 2802 472 2867 si
495 2802 665 2867 collatione
689 2801 821 2865 duorum
845 2798 997 2864 librorum
1021 2800 1118 2880 facta,
1145 2799 1222 2883 qnid
1244 2818 1284 2864 ex
1306 2801 1490 2867 Herodiano
1513 2804 1670 2869 commodi
1692 2805 1726 2868 in
1744 2801 1956 2889 Mtynrologioi
1969 2802 2083 2886 Magni

381 2902 636 2970 emendationem
658 2902 860 2984 redundaret,
890 2904 1129 2987 investigarem.
1176 2903 1290 2985 Neque
1313 2905 1398 2970 enim
1421 2904 1621 2971 diffitendum
1643 2915 1693 2972 est
1715 2907 1823 2972 multis
1846 2905 1925 2973 locis
1945 2925 1986 2973 ex
2006 2905 2084 2971 tali-

380 3009 440 3073 bus
464 3006 617 3072 subsidiis
639 3005 814 3086 meliorem,
841 3026 938 3088 quam
961 3026 1044 3090 quae
1067 3012 1198 3090 recepta
1220 3014 1279 3088 est,
1306 3009 1475 3074 lectionem
1498 3009 1531 3072 in
1554 3015 1677 3074 textum
1693 3009 1801 3075 reduci
1816 3028 1924 3094 posse,
1949 3007 1983 3073 ld
1997 3007 2088 3092 qnod

380 3096 617 3190 Gaisfordium,
644 3109 852 3174 novissimum
874 3108 1090 3194 Etymologici
1113 3109 1224 3192 Magni
1247 3109 1417 3192 editorem,
1444 3112 1534 3176 cuius
1557 3112 1700 3194 insignia
1721 3113 1754 3177 in
1777 3111 1863 3179 bunc
1884 3110 2089 3195 antiquitatis

379 3212 565 3278 thesaurum
588 3211 703 3278 merita
725 3231 818 3277 nemo
841 3230 891 3277 me
914 3212 1034 3295 gratim
1054 3212 1238 3292 admiratur,
1265 3213 1387 3296 effugit,
1413 3233 1485 3279 cum
1507 3214 1541 3278 in
1564 3215 1763 3299 praefatione
1786 3215 1859 3280 libri
1879 3213 2085 3280 snidlxerlt:

380 3314 465 3398 quod
488 3334 564 3380 vero
586 3315 628 3380 ad
650 3313 837 3380 bodiemam
867 3315 940 3380 libri
968 3315 1072 3400 ipsius
1101 3315 1313 3381 conditionem
1344 3323 1485 3401 spectat,
1517 3316 1641 3383 mendis
1664 3338 1738 3383 eum
1761 3317 1957 3383 foedissimis
1978 3317 2093 3401 inqui-

380 3425 491 3483 natum
515 3436 588 3483 esse
610 3418 730 3483 clamat
751 3418 982 3502 propemodum
1006 3419 1156 3486 universa
1174 3416 1368 3483 eruditorum
1383 3420 1507 3500 cohors,
1534 3420 1705 3503 exquibus
1721 3418 2094 3487 etsincnnullaidenti-

379 3520 454 3586 dem
477 3521 606 3586 sustulit
627 3540 822 3585 summorum
850 3521 885 3584 in
912 3520 1084 3606 disciplina
1106 3520 1217 3586 critica
1238 3520 1376 3586 virorum
1400 3522 1578 3605 sagacitas,
1611 3524 1707 3607 copia
1732 3523 1813 3589 satis
1841 3524 1951 3607 ampla
1979 3522 2096 3590 adbuc

381 3628 483 3689 restat
505 3642 569 3686 non
592 3624 662 3689 sine
684 3622 850 3687 meliorum
873 3622 1035 3703 codicum,
1062 3643 1158 3705 quam
1181 3622 1297 3704 quibus
1320 3643 1404 3689 nnnc
1426 3624 1580 3706 fruimur,
1606 3626 1726 3692 anxilio
1749 3625 1929 3712 enimenda.
1954 3661 1998 3673 -—
2020 3625 2098 3693 Sed

380 3746 452 3792 cum
482 3725 537 3790 vix
565 3724 719 3790 credibile
747 3725 790 3789 sit
818 3724 886 3790 fore
913 3733 949 3791 ut
977 3725 1104 3791 fortuna
1130 3725 1223 3791 nobis
1253 3726 1395 3792 arrideat
1416 3735 1449 3792 et
1471 3748 1611 3810 unquam
1633 3729 1784 3794 meliores
1813 3727 1953 3810 codices,
1988 3744 2096 3812 qnam

380 3847 460 3911 quos
483 3846 568 3894 nunc
589 3827 760 3910 habemus,
792 3827 1033 3909 nanciscamur,
1067 3829 1101 3892 in
1123 3833 1214 3893 tanta
1236 3830 1545 3914 corruptissimorum
1568 3832 1708 3898 locorum
1731 3833 1840 3916 copia,
1873 3851 1956 3914 quae
1985 3832 2097 3900 ctiam

380 3949 466 3995 nunc
487 3938 650 4015 superest,
682 3930 864 3997 necessario
894 3932 1144 4015 confugiendum
1167 3949 1241 3997 esse
1263 3932 1398 3999 arbitror
1419 3933 1462 3998 ad
1485 3934 1689 4000 collationem
1712 3935 1862 4015 fontium,
1895 3935 1980 4000 unde
2002 3930 2097 4023 ney-

381 4035 527 4116 mclogus
549 4033 658 4098 hausit
680 4040 712 4098 et
732 4030 817 4098 nova
838 4034 894 4099 lux
916 4034 1060 4117 affulget.
1109 4036 1197 4101 Haec
1219 4035 1304 4100 enim
1327 4034 1519 4102 emendandi
1542 4037 1623 4101 ratio
1646 4057 1684 4102 eo
1706 4036 1830 4101 facilior
1852 4045 1884 4102 et
1906 4039 2097 4108 evidentior

381 4137 431 4218 tlt,
465 4135 550 4220 quod
571 4135 682 4201 borum
706 4134 840 4200 fontium
863 4136 990 4220 plurimi
1013 4137 1113 4203 multo
1136 4138 1424 4222 praestantioribus
1447 4139 1611 4204 codicibus
1634 4139 1726 4203 nobis
1750 4146 1823 4204 sunt
1846 4140 1964 4204 servati
1987 4158 2093 4223 qnam

380 4238 636 4324 Etymolcgicum
652 4239 816 4321 Magnum,
842 4239 933 4304 cuius
956 4240 1138 4305 auctoribus
1161 4238 1242 4305 illud
1263 4239 1370 4324 ipsum
1393 4240 1586 4325 excerpendi
1609 4240 1772 4323 negotium
1795 4242 1897 4306 omnis
1919 4253 2095 4328 corrupte-

380 4342 483 4406 lamnr
512 4340 640 4424 generis
667 4360 781 4406 ansam
813 4341 917 4422 dedit,
951 4341 1037 4424 quod
1067 4343 1131 4407 iam
1160 4342 1336 4424 antiquitus
1365 4343 1487 4408 minore
1515 4363 1593 4408 cura
1618 4343 1843 4427 transcriptum
1865 4345 1907 4409 ab
1929 4345 2092 4430 imperitis

302 4484 307 4493 ι
381 4444 494 4510 scribis
517 4443 664 4508 omnibus
687 4444 792 4509 modis
815 4446 1044 4529 perturbatum,
1072 4445 1282 4524 decurtatum,
1309 4452 1490 4529 corruptum
1514 4453 1573 4511 est.
1618 4447 1730 4527 ltaque
1745 4453 1780 4510 ut
1796 4447 1854 4512 hoc
1869 4448 2091 4533 Mtymologici

380 4547 489 4629 Magni
512 4545 706 4612 emendandi
729 4546 907 4612 subsidium
931 4546 1053 4612 firmius
1075 4548 1257 4630 certiusque
1279 4546 1345 4630 fiat,
1372 4548 1542 4632 plerasque
1564 4549 1665 4614 bonas
1682 4549 1834 4615 lectiones
1850 4556 1882 4615 et
1897 4552 2090 4621 lacunarum

381 4650 608 4734 supplementa
629 4657 662 4714 et
684 4650 800 4731 multa,
834 4670 916 4732 quae
946 4652 980 4714 in
1003 4649 1177 4716 Herodiani
1199 4649 1302 4715 Iliaca
1326 4650 1476 4734 prosodia
1497 4652 1575 4717 mihi
1597 4652 1760 4736 reperisse
1783 4653 1871 4719 visus
1894 4672 1982 4736 sum,
2015 4654 2092 4722 sin-

380 4752 465 4834 gulis
488 4752 566 4817 locis
589 4751 700 4817 ordine
723 4754 909 4832 subnotavi,
941 4773 1006 4835 qua
1035 4754 1066 4817 in
1097 4753 1322 4818 subnotatione
1351 4752 1478 4819 modum
1506 4752 1613 4820 Mmbn
1635 4754 1793 4836 quendam
1818 4757 1986 4822 tenendum
2009 4776 2091 4827 esse

379 4854 551 4920 arbitratus
574 4873 655 4936 sum,
682 4873 722 4920 ne
744 4856 844 4922 moles
868 4856 962 4921 nimis
985 4863 1165 4940 augeretur.

467 4956 529 5020 Vix
551 4964 601 5022 est
623 4957 708 5039 quod
730 4959 827 5023 verbo
850 4979 998 5025 moneam
1020 4959 1275 5046 Etymologicum
1298 4958 1449 5042 Magnum
1481 4979 1552 5026 cum
1577 4959 1726 5026 (budiano
1748 4970 1781 5026 et
1801 4960 1928 5028 Orionis
1957 4982 2091 5048 semper

380 5059 636 5142 comparandum
651 5068 683 5124 et
705 5081 726 5124 a
747 5081 798 5126 me
820 5069 1039 5146 comparatum
1063 5082 1150 5142 esse,
1185 5082 1392 5144 quamquam,
1425 5062 1510 5144 quod
1541 5062 1584 5126 ad
1607 5062 1689 5128 hanc
1711 5064 1931 5146 quaestionem
1955 5066 2085 5150 attinet,

380 5183 420 5227 ex
443 5162 570 5229 Orionis
593 5163 815 5247 Etymologicc
838 5185 900 5230 non
922 5185 1074 5247 magnum
1097 5165 1233 5230 fructum
1256 5166 1414 5250 cepimus,
1448 5186 1520 5231 cnm
1548 5166 1735 5249 pancissimi
1764 5166 1823 5232 loci
1854 5167 1886 5231 in
1914 5166 1976 5233 hcc
2000 5169 2089 5237 libro

381 5273 560 5353 congruunt
582 5287 652 5333 cunr
676 5266 727 5347 iis,
754 5287 833 5349 qnos
856 5288 941 5334 nnnc
963 5275 1072 5349 tracto,
1103 5267 1163 5334 etsi
1188 5268 1425 5335 concedendum
1448 5267 1552 5334 estin
1575 5269 1692 5334 Orione
1715 5271 1815 5335 multa
1836 5279 2008 5355 praecepta
2031 5291 2089 5340 re·
