4950 6578
1221 633 1261 695 28

1265 820 1362 902 λοςί),
1379 821 1491 896 κοῖλος,
1510 822 1627 891 δοῦλος.
1654 813 1748 890 ούτως
1764 816 1815 881 καί
1831 809 1919 889 ούλος
1927 821 1964 899 ⁴).
1995 841 2097 902 προσ-

1265 922 1364 1006 έθηκα
1394 921 1426 986 δὲ
1456 918 1496 1006 μή
1525 922 1636 1009 ἔχοντα
1665 917 1722 1008 πρὸ
1750 924 1802 986 τοῦ
1832 908 1976 1001 λάλλοί)
2012 915 2098 1004 σύμ-

1264 1049 1363 1111 φωνον
1388 1021 1493 1089 διὰτὸ
1519 1022 1642 1111 μοχλός,
1666 1021 1821 1108 πολλόςθ).
1854 1020 1889 1087 τὸ
1913 1023 2012 1107 μέντοι
2033 1023 2098 1086 θο-

1265 1124 1318 1201 λός
1338 1124 1510 1212 ἀξυνόμενον
1533 1125 1605 1214 πρὸς
1629 1123 1854 1211 ἀντιδιαστολήν
1876 1128 1950 1190 ἐστι.

473 1246 509 1302 cf.
524 1249 559 1302 ad
573 1247 594 1301 ss
608 1250 667 1301 224.
686 1278 722 1286 -
741 1250 757 1312 ¹)
778 1247 872 1303 Verba
890 1247 973 1301 οὔλων
991 1277 1026 1286 -
1044 1242 1211 1319 Ἀρίσταρχος
1229 1264 1282 1302 om.
1305 1247 1398 1318 Etym.
1436 1249 1457 1316 2)
1477 1247 1699 1315 Kulenkampius
1717 1247 1861 1316 proponit:
1882 1245 1905 1298 εἴ
1923 1263 1950 1316 γε
1969 1244 2097 1306 ὀξυτόνως

385 1335 415 1387 τὸ
433 1334 514 1402 ὄνομα
531 1334 642 1406 λέγεται,
666 1349 759 1402 „quae
777 1334 864 1387 verba
880 1340 999 1388 mentem
1017 1334 1179 1403 Etymologi
1196 1335 1354 1388 accuratius
1372 1335 1562 1402 exprimunt“.
1600 1335 1644 1388 Tu
1661 1350 1731 1387 corr.
1751 1340 1783 1387 ut
1799 1333 1828 1386 in
1846 1332 1944 1386 Venet.
1966 1328 2007 1383 A:
2028 1330 2052 1383 εῐ
2066 1349 2096 1400 γε

386 1420 528 1480 ὀξυτονυῦοι
546 1421 574 1472 τὸ
593 1420 674 1488 ὄνομα
693 1419 817 1490 λέγοντες.
864 1422 882 1474 ³}
907 1420 983 1479 θύλος
1001 1437 1056 1474 non
1075 1420 1177 1488 legitur
1194 1420 1222 1472 in
1243 1419 1274 1472 Ε.
1296 1420 1333 1474 Μ.
1378 1421 1397 1481 4,]
1420 1419 1487 1475 haec
1506 1421 1607 1496 (leem-lt
1625 1420 1653 1473 in
1671 1420 1715 1474 Et.
1737 1419 1774 1473 M.
1820 1419 1839 1481 ί)
1861 1419 1898 1489 μὴ
1917 1418 2010 1490 ἔχοντα
2027 1417 2093 1485 αύμ-

387 1525 472 1577 ιρωνυν
491 1505 535 1558 Et.
555 1507 590 1562 M.
610 1536 645 1544 -
664 1508 700 1576 μὴ
721 1507 813 1578 ἔχοντα
832 1509 880 1576 τρδ
898 1512 943 1559 τοῦ
961 1495 1059 1559 λάλλο
1078 1506 1216 1576 σύμφωνον
1235 1506 1335 1560 Venet.
1356 1503 1391 1558 Α.
1428 1507 1448 1570 ⁶)
1469 1505 1565 1564 πολλός
1583 1523 1636 1560 om.
1658 1505 1752 1576 Etym.
1771 1535 1805 1543 —-
1823 1502 1859 1557 cf.
1880 1504 1961 1557 Euat.
1976 1504 2036 1565 794,
2049 1504 2093 1556 Ἡ.

1212 1699 1265 1759 40.

655 1798 694 1862 Ε.
719 1798 762 1862 ιι.
789 1801 862 1881 553,
889 1802 941 1862 τυ.
1524 1800 1562 1864 L.
1588 1798 1706 1864 Herod.
1733 1796 1756 1861 Γ
1779 1801 1833 1862 35.

507 1914 765 1955 ‘u.’'“‘
1058 1905 1202 1942 ιε’·
1386 1912 1689 1954 1355!
1932 1904 2098 1939 ιω·

387 1944 516 2005 ,παρεια
550 1970 555 1981 .
601 1917 757 2003 Ιλιαοοςγ
790 1956 832 1966 -
855 1922 895 1983 35
919 1956 962 1964 -
989 1943 1083 2006 χωρις
1105 1945 1157 1984 του
1181 1945 1209 1997 σ,
1267 1927 1435 2006 ,παρεια“.
1476 1944 1570 1992 ουτως
1607 1922 1749 1990 οξυτονιος
1783 1915 1833 1982 καί
1866 1941 1957 2003 χωρις
1989 1943 2043 1982 του
2082 1945 2101 1983 σ

383 2018 422 2084 ἵν’
442 2014 463 2107 ή
480 2018 647 2109 οὐδέτερον.
687 2018 723 2087 τά
746 2019 803 2109 γάρ
828 2018 885 2086 ἀπὸ
907 2026 966 2087 τῶν
989 2018 1131 2087 τοιούτων
1147 2023 1211 2108 θη-
1265 2024 1428 2109 γραπτέον,
1459 2020 1509 2087 ἵνα
1541 2015 1559 2108 ή
1589 2018 1756 2108 οὐδέτερον.
1802 2017 1839 2085 τά
1866 2017 1924 2107 γάρ
1953 2017 2012 2085 ἀπὸ
2034 2025 2098 2086 τῶν

384 2128 482 2189 λυκιδν
518 2123 756 2211 μεταποιούμενοι
790 2128 832 2198 εἰς
861 2123 1015 2212 οὐδέτερον
1045 2126 1129 2210 γένος
1159 2129 1212 2190 τοῦ
1265 2123 1408 2191 τοιούτων
1438 2127 1580 2211 θηλυκῶν
1611 2120 1849 2210 μεταποιούμενοι
1872 2125 1914 2197 εἰς
1937 2121 2095 2211 οὐδέτερον

384 2225 475 2292 αὐτοῦ
498 2230 718 2313 σημαινομένου
743 2230 879 2315 μένοντος
901 2225 950 2294 τὸν
974 2225 1062 2294 αὐτὸν
1092 2226 1211 2315 φυλάτ-
1264 2231 1350 2315 γένος
1372 2232 1425 2294 τοῦ
1449 2225 1539 2294 αὐτοῦ
1562 2230 1783 2314 σημαινομένου
1807 2230 1945 2314 μένοντος
1966 2225 2012 2294 τόν
2027 2223 2091 2291 αύ-

382 2357 427 2396 τει
456 2327 560 2411 τόνον,
592 2333 720 2419 πλευραί
740 2332 874 2419 πλευρά,
905 2333 997 2418 πυραί
1018 2329 1109 2417 πυρά.
1157 2329 1212 2397 ούκ
1264 2328 1312 2397 τὸν
1330 2328 1476 2419 φυλάσσει
1491 2329 1587 2411 τόνον,
1604 2333 1730 2419 πλευραί
1744 2328 1871 2420 πλευρά,
1893 2328 1982 2419 πυροί
1995 2326 2086 2417 πυρά.

383 2431 545 2500 ἀντίκειται
572 2432 606 2499 τὸ
636 2436 738 2522 νευραί
766 2440 868 2522 νεῦρα.
917 2431 1060 2522 διάφορον
1091 2432 1148 2522 γάρ
1178 2432 1212 2499 τὸ
1264 2433 1319 2500 οὐκ
1349 2432 1510 2501 ἀντίκειται
1538 2431 1571 2500 τό
1601 2437 1704 2521 νευραί
1725 2436 1776 2501 καί
1799 2440 1901 2523 νεῦρα.
1950 2430 2091 2521 διάφορον

383 2534 627 2622 σημαινόμενον.
650 2589 657 2602 .
678 2589 685 2602 .
707 2589 714 2602 .
1262 2536 1320 2626 γὰρ
1342 2536 1376 2604 τὸ
1400 2535 1637 2624 σημαινόμενον·
1674 2534 1796 2621 0350531)
1824 2539 1948 2626 παρειαί
1968 2534 2091 2623 παρειά.

1262 2640 1335 2728 φασί
1366 2643 1466 2727 μέντοι
1485 2640 1676 2729 Ἀρίσταρχον
1708 2641 1758 2707 καί
1777 2640 1989 2730 Ἀριστοφάνην
2012 2636 2093 2727 γρά-

1262 2771 1328 2832 φειν
1350 2742 1476 2831 παρειάς
1499 2742 1552 2810 σύν
1575 2751 1616 2832 τῷ
1641 2734 1669 2825 σ,
1702 2742 1806 2832 ἐπειδή
1838 2744 1888 2809 καί
1919 2740 2095 2832 ,παρειάων

1263 2845 1427 2913 ἁπαλάων·
1453 2850 1534 2934 λέγει
1561 2854 1596 2897 -ss
1625 2849 1648 2912 Σ
1674 2854 1734 2914 123
1760 2889 1810 2914 -.

470 2970 527 3022 vid.
548 2968 668 3023 Cramer.
690 2965 798 3022 Anecd.
818 2966 841 3031 1,
862 2969 921 3029 373,
943 2970 983 3020 18.
1022 2971 1040 3030 ¹)
1062 2969 1147 3023 verba
1165 2967 1246 3028 οὕτως
1265 2998 1299 3007 —-
1317 2970 1384 3041 λέγει
1402 2986 1457 3023 om.
1477 2969 1571 3040 Etym.

1210 3163 1263 3222 41.

648 3261 687 3326 Ε.
715 3262 759 3325 Μ.
785 3264 859 3342 656,
888 3265 938 3325 15.
1510 3262 1547 3326 L.
1574 3263 1694 3328 Herod.
1721 3262 1746 3329 Z
1769 3265 1844 3328 202.

383 3377 531 3459 ,πάτοςίῦῑ
549 3374 682 3468 Ὅμηρος
706 3377 817 3459 ,πάτον
840 3377 1008 3467 ἀνθρώπων
1029 3378 1204 3459 ἀλεείνιον“,
1262 3377 1412 3460 ,πάτυν“;
1447 3379 1489 3454 ὡς
1519 3380 1625 3468 λόγον·
1661 3380 1698 3448 τά
1726 3379 1783 3470 γάρ
1814 3385 1855 3455 εἰς
1882 3369 1934 3455 ᾖ
1960 3378 2088 3467 λήγοντα

382 3483 424 3556 ὡς
446 3481 546 3569 λόγον,
574 3481 701 3556 Ἰλιάδος
724 3480 749 3555 ζ’
773 3523 816 3531 -
839 3488 901 3548 202
924 3522 977 3548 —.
1024 3482 1061 3548 τά
1084 3482 1141 3571 γὰρ
1165 3486 1207 3558 εἰς
1261 3483 1445 3570 δισύλλαβα,
1485 3487 1614 3574 βραχείᾳ
1649 3482 1902 3572 παραληγόμενα,
1926 3488 2084 3570 ’μονογενῆ

380 3574 432 3659 τ-υς
451 3583 580 3672 λήγοντα
604 3583 782 3672 δισύλλαβα,
806 3588 936 3675 βραχείᾳ
957 3585 1205 3673 παραληγόμενα,
1261 3586 1431 3674 βαρύνεται,
1457 3587 1572 3676 κρότος,
1596 3587 1727 3671 κότυςί),
1752 3591 1846 3674 μίτος,
1871 3586 1965 3668 νότος,
1985 3584 2084 3659 πότος.

382 3693 526 3775 μονογενῆ
542 3685 714 3775 βαρύνεται,
732 3687 847 3776 κρότος,
867 3687 963 3768 νότος,
988 3689 1081 3773 μίτος,
1105 3689 1203 3762 πότος.
1260 3684 1354 3762 ούτως
1387 3682 1448 3776 ἀρα
1480 3691 1532 3756 καί
1564 3689 1667 3766 πάτος.
1724 3695 1805 3758 δοκεῖ
1838 3689 2023 3757 ἀντικεῖσθαι
2055 3689 2088 3756 τὸ

380 3788 458 3857 οὕτω
480 3791 531 3856 καί
553 3788 656 3865 πάτος.
704 3795 786 3857 δοκεῖ
808 3791 994 3858 ἀντικεῖσθαι
1015 3789 1048 3857 τὸ
1071 3791 1204 3879 στρατός.
1261 3787 1394 3882 στρατός.
1433 3793 1466 3859 τὸ
1481 3792 1538 3882 γάρ
1558 3792 1661 3882 βροτός
1683 3791 1761 3861 κατά
1784 3792 1837 3861 δύο
1859 3793 1984 3883 τρόπους
2007 3790 2087 3859 ἀπο-

379 3894 412 3962 τὸ
434 3893 491 3982 γάρ
515 3891 618 3982 βροτός
640 3892 716 3960 κατά
740 3893 792 3960 δύο
815 3892 939 3982 τρόπους
961 3892 1138 3983 ἀποφεύγεις
1162 3891 1207 3962 ότι
1260 3895 1376 3985 φεύγει,
1401 3894 1445 3962 ότι
1468 3899 1519 3963 καί
1542 3896 1640 3964 κοινόν
1663 3898 1713 3964 καί
1736 3899 1802 3987 ἔχει
1825 3897 2020 3985 ἀντέμφασιν.

379 3999 430 4063 καὶ
453 3996 550 4063 κοινὸν
574 3997 624 4062 καί
647 3998 713 4085 ἔχει
736 3996 919 4086 ἀντέμιρασιν
937 4050 1146 4064 ........

467 4118 1035 4190 5255050111555.(mmm).
1073 4118 1461 4192 cf.1·:tym.(}ud.105,15.
1500 4122 1579 4176 Euat.
1600 4125 1661 4183 σοι,
1681 4124 1723 4172 συ.
1807 4108 1812 4117 ’

645 4413 685 4478 ιο,
709 4412 753 4478 ιι.
779 4415 853 4493 518,
880 4418 933 4477 ιτ.
1204 4315 1257 4377 ⁴2⁸
1503 4415 1540 4479 ι..
1566 4411 1686 4479 Herod.
1715 4409 1740 4475 Β
1767 4415 1838 4477 175.

382 4583 539 4598 .......
556 4533 633 4604 τινὲς
656 4535 872 4618 ,πολυκληῖσι“
886 4537 1137 4620 προπερισπῶσιν,
1162 4531 1203 4607 ὡς
1259 4530 1415 4621 ,φεύξεσθ’
1449 4537 1480 4599 έν
1510 4530 1614 4619 νήεσσι
1642 4529 1854 4616 πολυκλήισι“.
1901 4532 1979 4607 τινὲς
2005 4558 2083 4619 προ-

379 4636 429 4701 καὶ
452 4633 484 4701 τδ
506 4633 618 4700 ἁπλοῦν
643 4634 711 4714 ,ἐπὶ
732 4640 833 4721 κληῖσι
855 4639 1014 4706 καθῖζον.
1061 4633 1114 4702 ούκ
1137 4637 1204 4724 ἔχει
1256 4642 1449 4723 περισπῶσιν,
1478 4634 1520 4709 ὡς
1541 4635 1593 4700 καί
1614 4633 1649 4700 τὸ
1672 4632 1784 4700 ἁπλοῦν
1809 4634 1877 4713 ,ἐπὶ
1900 4638 1998 4719 κληῖσι
2018 4660 2081 4698 κα-

379 4738 412 4803 δὲ
434 4735 528 4812 ούτως
549 4736 569 4823 ἡ
593 4736 770 4824 ἀνάγνωσις.
809 4739 889 4804 ἔστιν
911 4731 963 4804 οὖν
986 4736 1003 4802 ὁ
1026 4736 1112 4824 λόγος
1132 4737 1205 4826 ὑπὲρ
1259 4742 1361 4811 θῖζον“
1399 4777 1436 4786 -
1462 4742 1479 4826 β
1502 4744 1565 4803 419
1590 4776 1642 4803 -.
1696 4736 1737 4811 ὡς
1770 4735 1827 4825 γάρ
1860 4737 2004 4820 πλοκαμίς
2036 4772 2080 4783 -

377 4845 430 4906 τοῦ
446 4838 609 4929 βαρυτόνου
624 4843 719 4928 λέγων
732 4846 750 4923 ¹)
771 4837 883 4916 ούτως·
907 4840 944 4908 τὰ
960 4843 1002 4915 εἰς
1025 4830 1051 4916 ι’,
1073 4840 1204 4929 λήγοντα
1258 4845 1494 4928 ,ἐυπλοκαμῖδες
1514 4839 1635 4929 Ἀχαιαί
1656 4879 1699 4890 -
1722 4844 1739 4929 β
1758 4846 1819 4906 119
1840 4877 1892 4917 -,
1917 4833 2011 4911 οὕτως
2029 4836 2082 4902 καὶ

378 4942 498 5030 θηλυκά
520 4939 694 5027 όξύτοναθ,
725 4948 752 5011 εἰ
779 4946 832 5032 μὲν
861 4949 893 5011 ἐν
921 4950 958 5033 τή
982 4947 1120 5011 συνθέσει
1141 4972 1204 5032 φυ-
1255 4946 1341 5031 κληίς
1369 4945 1420 5010 καί
1447 4946 1663 5031 πολυκληίςθρ.
1710 4941 1764 5010 ούκ
1794 4944 1859 5030 ἔχει
1888 4940 1922 5007 δὲ
1945 4936 2082 5028 ούτωςή

378 5045 484 5115 λάσσει
492 5051 513 5130 ³)
545 5045 634 5133 μόνον
656 5045 689 5114 τὸ
712 5048 842 5136 θηλυκὸν
865 5052 967 5137 γένος,
998 5050 1048 5114 καί
1069 5047 1119 5114 τὸν
1143 5046 1203 5112 αύ-
1256 5045 1432 5135 ἀνάγνωσις.
1480 5050 1558 5115 ἔστιν
1588 5042 1640 5113 οὖν
1667 5045 1754 5134 λόγος
1777 5043 1850 5132 ὑπὲρ
1870 5048 1924 5130 τῆς
1947 5046 2082 5132 βαρυνο-

377 5148 427 5216 τδν
449 5148 533 5216 τόνον
557 5147 714 5238 φυλάσσει.
757 5155 784 5218 εἰ
800 5153 833 5218 δὲ
850 5151 1066 5239 μεταληπτικὸν
1088 5152 1203 5237 γένοιτο
1256 5154 1346 5240 μένης
1376 5154 1482 5226 λέξεως
1495 5156 1513 5235 ¹)
1548 5146 1643 5225 οὗτος.
1690 5148 1727 5217 τά
1750 5153 1793 5224 εἰς
1817 5136 1842 5223 ις
1863 5145 1995 5234 λήγοντα
2017 5152 2083 5236 θη-

377 5253 429 5318 καὶ
451 5252 609 5342 ἀρσενικοῦ
619 5260 662 5338 ⁴J,
695 5257 871 5341 μεθίσταται
898 5257 948 5322 καί
975 5261 1017 5332 εἰς
1041 5253 1202 5345 βαρύτυνον
1255 5254 1331 5322 λυκά
1354 5254 1569 5343 ἀξυνόμεναῖ),
1603 5258 1629 5320 εἰ
1661 5255 1714 5339 μὲν
1744 5257 1775 5318 ἐν
1798 5280 1834 5341 τη
1858 5254 1996 5318 συνθέσει
2019 5279 2084 5340 φυ-
