4950 6578
1447 649 1466 711 8

606 829 695 898 δόθεν
710 839 908 920 προνοήσαι“,
927 831 991 899 ἀντί
1005 842 1057 900 τοῦ
1074 834 1235 922 μακρόθεν.
1272 835 1431 901 καὶταῦτα
1482 836 1599 921 τίθησιν
1610 837 1649 919 ⁶),
1674 830 1745 900 όταν
1760 837 1835 923 λέγη
1853 837 1987 914 ,σπίδιον
2005 841 2098 922 μῆκος
2113 833 2217 904 δδοδ“.
2257 839 2309 904 καί

605 935 659 1021 μὲν
689 932 705 1001 ὃ
731 933 933 1024 Ἀρίσταρχος.
985 934 1106 1023 Κράτης
1136 938 1170 1003 δέ
1198 939 1349 1026 προκρίνει
1376 936 1430 1024 τήν
1483 935 1685 1026 όἈντίμαχος
1709 935 1799 1017 ,οὐδὲ
1815 937 1956 1005 σπιδόθεν
1971 946 2156 1026 προνοησαι“
2177 943 2309 1008 τουτέστι

606 1038 678 1126 δίχα
689 1040 709 1122 ⁷)
736 1047 788 1105 τού
811 1046 831 1105 ἁ
852 1037 972 1126 γραφήν
995 1039 1045 1106 καί
1068 1039 1245 1126 Ζηνόδοτος.
1282 1043 1335 1107 καί
1357 1068 1431 1129 φησι
1484 1037 1647 1128 μακρόθεν.
1687 1039 1852 1108 καὶταῦτα
1875 1039 2175 1131 μένδἈρίσταρχος.
2220 1042 2309 1132 Κρά-

606 1144 743 1223 σπιδέος,
768 1145 915 1209 τουτέστιν
938 1140 1052 1231 ἀπόρου
1075 1144 1126 1210 καί
1148 1147 1276 1234 τραχέος
1298 1143 1348 1210 καὶ
1371 1170 1430 1230 με-
1483 1171 1535 1231 της
1558 1144 1592 1209 δέ
1613 1146 1765 1232 προκρίνει
1786 1143 1839 1232 τήν
1856 1143 1906 1211 διὰ
1914 1151 1933 1229 ⁷]
1961 1152 2013 1213 τοῦ
2028 1148 2048 1212 ἁ
2061 1145 2192 1235 γραφήν.
2232 1148 2304 1234 [καί]

605 1241 711 1330 γάλου.
752 1244 803 1311 καί
819 1244 957 1333 Ἀμερίας
980 1247 1014 1313 δὲ
1036 1249 1118 1333 λέγει
1140 1251 1259 1322 σπιδέος
1281 1252 1333 1314 τοῦ
1351 1253 1430 1314 πολ·
1484 1244 1650 1333 Ζηνόδοτος
1673 1248 1737 1331 dibi
1766 1252 1898 1314 συναινεῖ
1919 1255 1955 1336 τῇ
1980 1249 2052 1337 δίχα
2073 1256 2125 1317 τοῦ
2148 1258 2168 1317 α
2190 1261 2306 1341 γραφή,

605 1353 659 1413 λοῦ
682 1347 736 1412 καί
757 1345 860 1436 εύρέος
875 1349 926 1415 καί
942 1347 1084 1435 μεγάλου.
1125 1348 1210 1437 κάγώ
1227 1351 1260 1416 δέ
1276 1376 1430 1436 συγκατα-
1483 1352 1534 1416 καί
1562 1377 1637 1438 φησι
1665 1353 1783 1425 σπιδέος
1797 1357 1857 1433 ,τοῦ
1880 1349 1993 1438 ἀπόρου
2015 1353 2066 1418 καί
2088 1357 2215 1442 τραχέος
2249 1357 2308 1440 [καί

604 1451 725 1536 τίθεμαι
739 1454 800 1526 τοῖς
815 1450 975 1539 ἀνδράσιν·
1000 1450 1062 1540 ὁρῶ
1077 1452 1134 1541 γὰρ
1149 1453 1262 1541 πολλήν
1278 1452 1331 1540 τήν
1347 1460 1430 1541 χρῆ·
1483 1451 1642 1540 μεγάλου].
1695 1453 1746 1520 καλ
1768 1453 1905 1541 Ἀμερίας
1934 1455 1967 1520 δέ
1996 1458 2079 1541 λέγει
2108 1460 2227 1534 σπιδέος
2256 1468 2307 1527 τοῦ

605 1579 651 1618 σιν
673 1552 787 1641 παράθ)
815 1554 970 1643 ἀρχαίοις·
1482 1562 1594 1623 πολλοῦ
1617 1556 1668 1622 καί
1690 1554 1793 1643 εύρέος
1815 1558 1866 1623 καί
1890 1555 2033 1644 μεγάλου.
2074 1557 2158 1646 κάγώ
2182 1562 2215 1627 δέ
2230 1590 2307 1650 συγ-

1483 1661 1682 1746 κατατίθεμαι
1696 1663 1757 1734 τοῖς
1773 1657 1926 1748 ἀνδράσιν.
1971 1657 2033 1748 δρῶ
2052 1660 2109 1749 γὰρ
2124 1663 2238 1751 πολλήν
2252 1664 2305 1752 τήν

1477 1760 1622 1849 Ιτοιαύτην
1644 1770 1752 1851 χρῆσιν
1774 1761 1857 1851 παρὰ
1878 1767 1967 1849 τοῐςθ)
1995 1763 2149 1853 ἀρχαίοις

693 1886 709 1947 ¹)
730 1900 801 1938 corr.
822 1889 854 1939 ut
871 1886 900 1939 in
917 1886 1016 1941 Venet.
1036 1884 1072 1938 A.
1092 1880 1272 1960 Ἀρίσταρχος,
1296 1888 1325 1941 in
1344 1887 1378 1942 V.
1398 1886 1459 1940 cod.
1481 1886 1583 1940 desunt
1605 1884 1692 1940 verba
1710 1882 1815 1956 Κράτης
1832 1884 1909 1956 λέγει.
1947 1883 2060 1940 Initium
2082 1887 2235 1943 mutilatum
2260 1898 2304 1945 eut

605 1969 635 2023 in
651 1970 684 2024 E.
705 1970 745 2023 Μ.
765 2001 800 2009 -
817 1972 837 2036 ²]
858 1971 894 2024 δι’
911 1972 1030 2032 ἀσπίδεος
1047 1972 1080 2025 Ε.
1101 1973 1137 2027 Μ.
1157 2003 1192 2011 -
1209 1973 1328 2032 ἀσπίδεος
1346 1972 1445 2027 Venot.
1467 1968 1501 2026 Α.
1522 2002 1556 2010 -
1573 1972 1593 2037 ³)
1614 1971 1700 2027 verba
1717 1970 1804 2024 πεδίου
1821 2000 1856 2008 -
1874 1970 1950 2040 ἀέρος
1968 1986 2038 2025 corr.
2059 1976 2091 2026 ut
2108 1974 2137 2026 in
2153 1974 2251 2029 Venet.
2268 1972 2302 2028 Α.

604 2054 623 2117 ⁴)
646 2056 675 2109 ἐκ
692 2064 743 2109 τῶν
760 2065 857 2129 νεκρῶν
875 2074 930 2111 που
948 2056 1034 2113 habet
1051 2059 1150 2114 Venei.
1171 2055 1206 2112 A.
1260 2061 1279 2125 ⁵)
1301 2059 1328 2112 ἐν
1348 2050 1369 2128 ᾤ
1387 2088 1422 2096 -
1440 2058 1535 2111 ἔκειντο
1557 2058 1637 2112 deest
1654 2058 1682 2111 in
1699 2057 1800 2111 Venet.
1822 2052 1857 2109 A.
1910 2056 2115 2126 ⁸icorrigenda
2137 2066 2203 2114 sunt
2226 2061 2308 2113 utin

605 2140 702 2196 Venet.
724 2138 758 2195 Α.
813 2146 831 2207 ⁷)
854 2143 913 2216 δίχα
930 2144 962 2197 Ε.
984 2144 1020 2198 Μ.
1041 2142 1082 2197 διὰ
1099 2142 1197 2198 Venet.
1218 2143 1253 2198 A.
1308 2146 1328 2209 ⁸]
1349 2144 1491 2200 aberravit
1508 2143 1600 2215 Etym.
1623 2148 1652 2198 et
1675 2143 1822 2198 inserenda
1846 2147 1912 2196 sunt
1935 2142 2004 2197 haec
2021 2143 2217 2199 adnotamenio
2236 2146 2305 2200 eius.

603 2227 622 2290 ⁹]
644 2226 725 2282 deest
742 2229 877 2284 articulus
894 2229 923 2282 in
941 2229 974 2284 Ε.
993 2230 1030 2283 iii.

1441 2440 1472 2500 3.

873 2538 912 2602 Ε.
936 2538 979 2604 Μ.
1006 2541 1080 2622 458,
1107 2541 1161 2602 25.
1736 2540 1774 2604 L.
1799 2537 1918 2604 Herod.
1944 2538 2052 2603 1336.

607 2655 804 2745 ,θυμαρήςέίι
826 2657 911 2746 ,ἔχει
926 2656 954 2722 δ’
976 2653 1087 2746 άλοχον
1104 2658 1262 2745 θυμαρέα“
1279 2654 1431 2723 -Ἰλιά-
1486 2659 1685 2745 ,θυμαρέα“;
1721 2663 1757 2744 τῇ
1789 2662 1870 2744 ψυχῇ
1901 2654 2104 2743 ἀρέσκουσαν,
2135 2655 2256 2743 θυμήρη
2269 2660 2303 2739 ¹).

606 2764 656 2835 δος
681 2758 699 2826 ι’
726 2799 763 2809 -
787 2765 850 2827 336
875 2800 913 2811 —
936 2768 972 2848 τῇ
997 2768 1078 2849 ψυχή
1104 2759 1303 2849 ἀρέσκουσαν,
1328 2756 1432 2848 θυμή-
1485 2758 1626 2827 σύνθετον
1650 2763 1682 2826 δέ
1705 2763 1768 2825 ἐστι
1788 2757 1871 2846 παρὰ
1892 2756 1925 2824 τό
1948 2752 2013 2846 ἀρω
2037 2757 2228 2847 θυμαρήςέ),
2257 2761 2307 2826 καί

607 2868 691 2951 ρηί).
730 2862 811 2951 παρὰ
833 2863 866 2930 τό
890 2862 984 2951 θυμὸς
999 2863 1049 2930 καί
1064 2862 1097 2930 τό
1113 2863 1179 2952 ἀρῶ
1194 2866 1308 2951 γίνεται
1327 2867 1431 2951 θυμα-
1485 2860 1579 2939 ούτως
1601 2863 1770 2950 ἀνέγνωμεν
1796 2855 1948 2947 ,Εύμαως
1971 2859 2000 2925 δ’
2027 2856 2087 2949 άρα
2109 2866 2137 2927 οἱ
2160 2870 2307 2950 σκῆπτρον

608 2965 706 3054 ρήςί).
755 2966 807 3033 καί
831 2973 999 3055 ,σκῆπτρον
1023 2970 1174 3057 θυμαρές“
1201 3007 1238 3016 -
1264 2994 1280 3056 ρ
1306 2972 1366 3033 199
1392 3006 1428 3015 -
1484 2969 1649 3055 θυμαρές“.
1679 2991 1760 3052 -ρ
1786 2969 1845 3030 199
1867 3002 1911 3013 -
1933 2962 1984 3029 διὰ
2005 2972 2057 3031 τοῦ
2080 2971 2145 3049 σἰ3).
2194 2963 2229 3033 ού
2251 2964 2308 3053 γάρ

606 3068 749 3144 ὀξυτόνως
758 3076 794 3155 ³).
842 3063 877 3136 ού
906 3067 964 3158 γάρ
994 3073 1056 3137 ἐστι
1083 3068 1263 3159 παρώνυμον
1291 3070 1374 3158 παρὰ
1398 3068 1431 3136 τὸ
1483 3073 1546 3136 ἐστι
1567 3067 1746 3157 παρώνυμον
1770 3065 1820 3133 διὰ
1842 3074 1893 3133 τοῦ
1914 3057 2009 3155 ηρης,
2038 3067 2075 3134 τὰ
2103 3067 2160 3157 γὰρ
2184 3068 2235 3136 διὰ
2256 3078 2308 3136 τοῦ

605 3162 693 3260 ηρης.
738 3171 774 3239 τά
789 3170 846 3261 γάρ
864 3173 914 3239 διὰ
929 3180 980 3239 τοῦ
996 3164 1072 3262 ηρης
1088 3175 1138 3240 καί
1155 3162 1238 3262 ω’δῇ
1258 3171 1429 3263 βαρύνεται,
1483 3164 1561 3262 τηρ-ης
1583 3172 1633 3238 καί
1656 3161 1740 3257 ddi<
1762 3166 1930 3257 παρώνυμα
1960 3170 2136 3259 βαρύνεται,
2170 3170 2306 3261 ξιφήρης,

607 3274 743 3364 ξιφήρης,
768 3273 895 3363 όνιύδης.
1070 3340 1074 3348 ,
1483 3274 1638 3364 ὀλιγήρης,
1662 3270 1800 3362 τοξήρης,
1823 3271 1939 3360 όνιύδης
1961 3274 2012 3340 καί
2033 3272 2161 3363 βοώδης.

695 3399 711 3462 ¹)
734 3397 787 3452 Pro
805 3398 947 3470 ἀρέσκουσα
964 3398 1085 3472 θυμήρης
1102 3398 1233 3456 Ιιοθτοίυε
1257 3415 1293 3454 ox
1315 3400 1347 3453 E.
1368 3398 1404 3453 ii.
1425 3401 1490 3462 458,
1511 3396 1680 3466 25Jscripsit
1696 3396 1871 3467 ςάρέσκουσον,
1898 3394 2004 3467 θυμήρη
2028 3402 2057 3450 et
2079 3397 2098 3461 ί)
2119 3394 2239 3467 θυμαρής
2257 3413 2308 3467 pro

606 3480 740 3553 θνμάρητ,
765 3484 887 3539 indidem
912 3486 933 3548 ³]
954 3484 1077 3547 ὀξυτόνως
1095 3485 1282 3541 adiiciendum
1301 3485 1446 3540 iudicavit.
1470 3513 1504 3521 -
1529 3480 1565 3536 ei.
1585 3481 1677 3552 Etym.
1698 3480 1771 3537 Gud.
1792 3483 1853 3545 267,
1873 3484 1915 3547 36,
1935 3482 1982 3551 qui
2001 3482 2085 3537 habet
2103 3488 2135 3537 ut
2152 3482 2248 3539 Venet.
2270 3478 2303 3535 A.

605 3570 729 3642 τῇψυχῄ
744 3569 894 3641 ἀρέσκουσιν,
915 3570 994 3626 Eunt.
1016 3574 1075 3638 754,
1096 3574 1125 3624 61
1147 3576 1221 3627 recto
1239 3571 1404 3643 ἀρέσκουσαν,

1440 3779 1472 3837 4.

874 3880 914 3944 Ε.
938 3879 981 3945 Μ.
1009 3884 1082 3962 463,
1109 3885 1162 3946 31.
1726 3879 1764 3942 L.
1789 3877 1907 3944 Herod.
1935 3876 1967 3943 M
1994 3881 2063 3944 193.

611 3996 798 4083 ,Ἰαμενός“;
825 3993 920 4084 όνομα
936 3997 1047 4088 κύριον.
1083 3999 1274 4089 Ἀρίσταρχος
1290 3994 1432 4086 ψιλοῖ·ὃ
1487 3994 1675 4083 ,,Ἰοιμενόν“;
1706 3995 1896 4085 Ἀρίσταρχος
1920 4002 2020 4085 ψιλοῖ·
2059 3992 2132 4059 ὅδὲ
2150 3991 2308 4059 Ἀσκαλω-

608 4101 642 4166 δέ
660 4099 876 4188 ’Ἀσκαλωνίτης
899 4106 1002 4190 φησίν,
1027 4103 1079 4169 ἐὰν
1096 4103 1149 4190 μέν
1168 4101 1226 4169 ἀπὸ
1241 4107 1294 4188 τῆς
1311 4097 1431 4180 ἰάσεως,
1485 4101 1566 4185 νίτης
1589 4096 1766 4187 φησίν,·ἐάν
1790 4099 1843 4183 μέν
1859 4098 1917 4163 ἀπὸ
1932 4105 1985 4180 τῆς
2005 4091 2124 4173 ἰάσεως,
2149 4098 2306 4181 ψιλωτέον,

608 4210 787 4292 ψιλοδται,·
802 4203 854 4271 ἐὰν
885 4206 919 4271 δέ
947 4203 1005 4273 ἀπὸ
1032 4213 1084 4293 τῆς
1112 4204 1207 4294 ὁρμῆς
1213 4257 1224 4285 ,
1261 4201 1429 4273 δασύνεται.
1486 4201 1538 4269 ἐὰν
1562 4203 1595 4268 δέ
1619 4198 1676 4267 ἀπὸ
1698 4206 1750 4284 τῆς
1772 4197 1886 4284 ορμΐης,
1913 4198 2083 4262 δασυντέον.
2131 4191 2252 4283 ἄμεινον
2276 4199 2309 4265 δέ

608 4300 728 4393 ἀμεινον
746 4306 948 4397 Ἀρίσταρχος.
1484 4306 1651 4393 προκρίνειν
1672 4300 1726 4387 τήν
1745 4297 1948 4387 Ἀριστάρχου.
1990 4297 2075 4366 οὐδέν
2091 4296 2149 4386 γάρ
2165 4302 2228 4366 ἐστι
2243 4328 2308 4366 κω-

1485 4413 1555 4474 λῦον
1577 4403 1630 4491 τήν
1653 4401 1820 4489 ἀνάγνωσιν
1844 4400 1946 4469 αὐτοῦ.

877 4742 916 4807 Ε.
941 4742 985 4807 Μ.
1011 4743 1084 4820 474,
1111 4744 1162 4801 59.
1445 4634 1476 4693 5.
1730 4732 1767 4795 L.
1793 4729 1910 4795 Herod.
1939 4728 1965 4794 N
1994 4731 2062 4792 132.

611 4860 789 4948 ,ἱππόκομοι
811 4859 976 4948 κόρυθες“;
1002 4856 1039 4925 τά
1062 4855 1120 4924 ἀπὸ
1142 4862 1201 4922 τῶν
1225 4856 1267 4928 είς
1289 4860 1308 4939 ή
1332 4856 1433 4950 inin:
1485 4852 1792 4937 προπαροξυτονητέον
1814 4849 1847 4915 τὸ
1872 4845 2082 4933 ,ίππόκομοι“.
2123 4844 2215 4932 ἡγὰρ
2230 4843 2308 4930 κόμη

607 4971 668 5030 κῶν
699 4967 876 5032 συντεθέντα
906 4961 1133 5048 μεταβάλλοντα
1159 4957 1192 5023 τὸ
1224 4959 1307 5029 τέλος
1336 4958 1380 5029 εἰς
1402 4982 1434 5029 ος
1485 4955 1628 5041 ἔγκειται,
1653 4952 1689 5019 ού
1710 4953 1743 5019 τὸ
1766 4959 1861 5038 κομῶ.
1905 4947 1998 5025 οότως
2022 4943 2073 5016 οὖν
2089 4946 2308 5033 ἀναγνωστέον,

607 5066 870 5156 προπαροξύνεται,
896 5062 937 5139 ὡς
952 5058 1084 5151 ἄφωνος,
1110 5054 1250 5134 ἀναυδος.
1290 5052 1368 5127 ούτω
1384 5057 1435 5123 καὶ
1488 5055 1528 5132 ὡς
1543 5055 1813 5144 κυπαρισσόκομος,
1838 5056 2027 5140 καλλίκομος.
2075 5049 2112 5116 τά
2128 5051 2161 5116 δέ
2177 5048 2235 5116 ἀπὸ
2251 5057 2309 5116 τῶν

607 5169 700 5258 κόμη,
727 5168 910 5254 ,ἱππόκομος
931 5165 1048 5253 πήληξ*
1074 5164 1159 5230 -Π
1183 5168 1243 5229 797
1266 5198 1304 5211 -
1328 5157 1379 5227 ’ότε
1401 5160 1435 5226 δέ
1486 5165 1529 5235 είς
1551 5167 1571 5247 ή
1595 5157 1746 5245 ληγόντων
1769 5162 1910 5245 θηλυκῶν
1934 5156 2128 5254 συντιθέμενα
2146 5153 2199 5218 καὶ
2214 5180 2310 5238 μετα-

607 5272 802 5361 παροξύνεται
825 5270 857 5337 τὸ
881 5267 1059 5354 ἱπποκόμος,
1090 5265 1157 5333 τότε
1183 5264 1217 5332 τὸ
1246 5267 1347 5350 κομεῖν
1377 5264 1433 5349 έγ-
1488 5262 1638 5352 βάλλοντα
1666 5261 1699 5329 τὸ
1729 5264 1813 5336 τέλος
1842 5265 1884 5336 εἰς
1914 5258 1967 5346 τήν
1990 5286 2022 5332 ος
2044 5253 2203 5342 κατάληξιν
2232 5282 2311 5342 προ-
