4950 6578
1208 674 1250 736 to

649 962 686 1025 n.
712 963 755 1027 u.
781 966 854 1038 aot,
882 966 934 1026 a..
1202 864 1254 926 32
1513 965 1550 1028 n.
1575 964 1694 1030 nerse.
1720 967 1749 1029 o
1776 969 1826 1029 ιι.

381 1130 388 1143 .
417 1130 424 1143 .
452 1077 539 1166 ,ρόος
567 1079 723 1146 καλάδαιν“
753 1120 795 1130 -
824 1082 852 1146 Φ
879 1086 917 1146 16
948 1120 988 1129 -
1021 1079 1201 1170 βαροτόνιυς.
1259 1082 1454 1161 ῃκελόδωνῆ
1490 1085 1704 1171 βαρυτονητέον
1727 1081 1780 1168 τὴν
1804 1084 1952 1171 μετοχὴν·
1988 1079 2083 1150 κελό-

378 1182 509 1248 κλίνεται
532 1180 720 1257 κελάδοντος.
1257 1189 1358 1258 ὃοντος
1380 1182 1438 1272 γὰρ
1460 1184 1479 1272 ἡ
1503 1182 1618 1272 aestati,
1643 1184 1693 1251 καὶ
1715 1184 1734 1272 ἡ
1753 1184 1901 1272 αἰτιατική
1918 1184 2084 1253 κελάδοντα

1259 1286 1338 1375 ,ατὰρ
1370 1286 1504 1374 ποταμὸν
1538 1286 1724 1355 κελάδοντα“
1762 1327 1799 1337 -
1825 1290 1848 1354 Σ
1873 1293 1934 1354 576
1960 1327 2012 1370 -,
2046 1285 2083 1355 oti

1258 1395 1453 1458 astatadstat.

1210 1718 1250 1785 V.

463 1890 649 1958 Discedenti
679 1890 756 1956 mihi
784 1891 848 1956 iam
876 1890 917 1955 sb
944 1911 1056 1975 opere,
1090 1912 1131 1957 ne
1161 1891 1256 1958 huius
1287 1891 1521 1958 dissertationis
1551 1890 1738 1975 magnitudo
1767 1891 1895 1975 longius
1916 1888 2082 1976 proesdat,

377 2013 475 2058 unum
498 2000 608 2076 restat,
637 2000 672 2059 ut
694 1995 798 2059 loeum
821 2014 980 2077 exponam
1003 1994 1217 2078 Etymologiei
1239 1994 1365 2078 Magni,
1397 1994 1460 2076 ubi,
1487 1994 1754 2077 quemadmodum
1777 2014 1850 2061 mea
1871 1994 2000 2078 quidem
2023 1993 2086 2061 sert

378 2096 496 2179 opinio,
522 2096 697 2162 Herodiani
720 2097 981 2162 adnotamentum
1004 2097 1096 2163 nobis
1119 2097 1245 2163 videtur
1267 2103 1489 2164 conservatum
1511 2117 1595 2179 esse,
1621 2097 1706 2179 quod
1722 2097 1844 2163 Lentzii
1860 2096 2083 2163 admirabilem

379 2198 588 2265 subtilitatem
611 2200 883 2282 intentionemque
906 2200 1029 2283 effugit.
1076 2200 1127 2265 Ad
1149 2198 1175 2265 0
1202 2204 1238 2264 17
1263 2201 1451 2283 praeseribit
1473 2200 1693 2266 Herodianus:
1719 2202 2026 2286 προπαροξυτονητέον
2048 2196 2083 2265 τὸ

380 2299 583 2389 „semipasta
609 2299 718 2388 όμοίιος
742 2307 783 2389 τῷ
808 2299 926 2379 ςείσόκε
948 2299 1015 2375 τοὺς
1038 2298 1185 2390 ciuium&
1209 2306 1292 2367 -λ
1317 2308 1376 2367 122
1398 2326 1458 2351 -·
1491 2299 1632 2389 ἔστιγὰρ
1655 2305 1744 2388 μέσος
1767 2298 1904 2389 ὂεότερος
1928 2298 2078 2390 ἀόριστος·

377 2400 483 2471 ταότόν
514 2406 547 2471 δὲ
576 2409 705 2491 λέγομεν
735 2400 786 2470 καὶ
814 2403 880 2491 περὶ
909 2410 962 2471 τοὺ
993 2402 1049 2483 ι,τό
1071 2409 1105 2471 δέ
1127 2432 1177 2471 κεν
1201 2403 1292 2472 κακόν
1316 2406 1394 2472 οἶτον
1417 2399 1526 2492 όληαι“
1555 2445 1589 2454 -
1616 2404 1724 2470 Γ417
1750 2429 1806 2454 -·
1847 2404 1897 2473 καλ
1918 2402 1976 2493 γὰρ
1997 2397 2082 2478 οὖτος

379 2509 468 2592 μέσος
492 2505 627 2595 δεύτερος
651 2504 788 2595 ἀόριστος
810 2515 842 2575 et
857 2509 899 2574 ad
918 2511 942 2574 Z
960 2513 1039 2574 229:
1068 2506 1235 2594 ,,δόντ,αι“;
1262 2506 1300 2583 ὡς
1323 2512 1431 2596 λέγηαι
1453 2506 1503 2575 καὶ
1525 2511 1655 2597 ρέρηαι·
1682 2506 1738 2587 „si
1760 2512 1794 2575 δέ
1817 2535 1866 2575 κεν
1889 2505 1981 2577 κακὸν
2004 2506 2083 2576 οἶτον

356 2604 487 2696 ,όληαι“
515 2650 550 2659 -
576 2613 599 2676 Γ
622 2618 682 2676 417
713 2650 761 2676 -.
808 2611 978 2698 Τυραννίων
1008 2613 1041 2676 δὲ
1068 2616 1264 2698 προπερισττᾷ.
1328 2614 1412 2678 Loco
1441 2614 1539 2679 citato
1569 2612 1592 2675 Γ
1614 2617 1674 2676 417
1706 2614 1820 2679 Venet.
1845 2615 1885 2679 A.
1916 2612 1996 2678 nihil
2025 2632 2085 2679 ex-

378 2715 481 2796 hibet,
515 2717 572 2781 sed
595 2717 633 2780 Ε.
658 2717 702 2780 Μ.
728 2737 760 2800 p.
786 2719 864 2796 621,
892 2720 932 2780 32
956 2737 983 2780 S.
1009 2737 1040 2780 v.
1075 2706 1204 2799 9,όληαιςί
1229 2715 1310 2781 haec
1333 2715 1446 2781 habet:
1480 2715 1650 2802 Τυραννίων
1673 2719 1860 2803 προπερισιτᾷ
1882 2715 1933 2781 καλ
1955 2712 1989 2781 τὸ
2012 2717 2085 2783 ἰῶτα

377 2814 583 2906 προσγράφει,
616 2817 752 2903 οἰόμενος
780 2820 939 2904 παρέλκειν
969 2814 1022 2903 τὴν
1046 2831 1088 2882 ᾱί.
1136 2812 1213 2882 οὕτω
1241 2815 1292 2883 καὶ
1321 2817 1370 2882 ἐπὶ
1398 2822 1450 2882 τοὺ
1481 2816 1598 2905 „modun
1622 2815 1806 2905 ἐπαόρηαι“.
1852 2818 1972 2884 ἔστιδὲ
1995 2821 2086 2904 μέσος

381 2916 518 3006 ἀόριστος
542 2918 691 3007 δεότερος,
716 2919 766 2986 καὶ
788 2917 824 2986 οό
846 2924 1117 3008 προτερισπᾶται*’)
1144 2917 1215 2987 οόδὲ
1237 2918 1462 3009 προσγράφεται
1483 2917 1516 2986 τό
1538 2939 1561 2987 ῖ.
1593 2921 1697 2988 Huius
1713 2921 1929 2988 adnotationis
1945 2921 2085 3006 vestigia

378 3029 509 3089 exstant
530 3025 626 3090 etiam
650 3024 683 3090 in
706 3024 776 3091 cod.
802 3024 984 3091 victoriano
1007 3025 1049 3089 ad
1072 3022 1094 3089 l.
1119 3046 1167 3090 e.:
1194 3017 1285 3109 όληαι
1307 3022 1346 3098 ὡς
1368 3020 1504 3110 πύθηαι·
1530 3026 1619 3109 μέσος
1641 3020 1699 3110 γὰρ
1721 3020 1858 3110 δεότερος
1880 3021 2027 3111 ἀόριστος.

462 3300 488 3362 ⁸)
509 3298 550 3354 sio
567 3299 628 3354 eod.
649 3298 683 3353 V.

991 5318 1088 5370 Lipsius,
1103 5316 1163 5367 typis
1175 5313 1310 5367 Brettkoptit
1324 5317 1347 5355 et
1359 5313 1477 5354 tisertstit.
