4950 6578
1041 652 1060 712 ’ί

489 943 528 1007 υ.
554 943 597 1008 M.
623 945 674 1023 συ,
702 947 732 1007 5.
1034 842 1064 900 ¹⁶
1323 939 1361 1002 υ.
1387 937 1506 1003 Herod.
1533 939 1557 1000 κ
1583 939 1655 1001 ωε.

206 1060 335 1146 ,ἀλεν“;
365 1067 411 1143 „oi
427 1059 465 1148 δή
481 1087 527 1127 τοι
542 1065 585 1136 είς
606 1056 680 1127 dom
696 1056 788 1128 ἀλεν“
811 1061 897 1126 -Χ
915 1065 1023 1124 12-.
1081 1053 1243 1140 ,ἀλεται“;
1270 1062 1410 1144 φτλοῦτοι
1431 1055 1491 1123 εἴτε
1513 1054 1562 1122 ἐπί
1582 1063 1635 1123 τοῦ
1658 1057 1802 1122 ἐκκλίνειν
1824 1051 1918 1120 τοίου

203 1175 351 1256 ψιλοῦται,
375 1165 436 1232 εἴτε
458 1164 506 1230 ἐπὶ
523 1172 577 1231 τοῦ
592 1166 736 1231 ἐκκλίνειν
752 1165 879 1243 τίθεται,
904 1158 945 1238 ὥς
961 1188 1026 1251 φη-
1080 1186 1187 1248 σηται,
1218 1156 1259 1235 ιῦς
1281 1184 1371 1248 φησιν
1395 1157 1661 1246 ὁἈσκαλωνίτης,
1693 1158 1753 1225 εἴτε
1781 1158 1830 1224 ἐπί
1850 1164 1902 1223 τοῦ

202 1294 247 1336 σιν
269 1267 534 1354 ὁἈοκαλωνίτης,
560 1266 619 1334 εἴτε
641 1268 690 1334 ἐπί
704 1274 756 1334 τοῦ
772 1271 1024 1355 ουστραφῆναιί),
1079 1271 1297 1353 συστραφῆναι,
1320 1261 1362 1338 ὡς
1382 1263 1434 1329 καί
1455 1264 1674 1351 Τυραννίωνίί,
1698 1257 1725 1351 ᾧ
1746 1262 1797 1328 καί
1821 1267 1903 1348 μάλ-

201 1367 299 1461 ᾧκαί
323 1378 436 1458 μᾶλλον
459 1371 723 1457 συγκατατίθεμαι.
762 1370 874 1436 ἔστιδὲ
891 1367 1027 1458 διότερυς
1080 1374 1131 1436 λον
1155 1368 1419 1455 συγκατατίθεμαι.
1457 1365 1554 1453 πολλὴ
1579 1367 1612 1432 δέ
1634 1364 1653 1452 ἡ
1676 1367 1790 1452 κίνησις
1811 1363 1903 1432 αὐτοῦ

201 1472 349 1564 ἀόριστος.
389 1474 455 1541 ἀλῶ
477 1473 510 1541 τὸ
533 1479 638 1540 πλανιῦ
661 1480 811 1562 ψιλυῦται.
851 1469 1027 1561 ὁδεότερος
1078 1471 1161 1560 παρὰ
1190 1477 1233 1560 τῷ
1251 1477 1372 1558 ποιητῇ.
1420 1467 1567 1558 ὁριστικὸς
1597 1471 1650 1556 μὲν
1679 1467 1738 1557 γὰρ
1767 1464 1902 1555 δεύτερος

200 1576 335 1666 ἀόριστος
349 1573 437 1665 ἧλον,
461 1576 493 1643 τὸ
517 1575 654 1665 δείκτερον
676 1570 761 1663 ἧλες,
784 1575 816 1642 τὸ
838 1577 934 1664 τρίτον
956 1568 1022 1662 ἧλε.
1080 1573 1215 1663 ἀόριστος
1241 1581 1294 1660 ,τῇ
1319 1569 1376 1639 ῦπο
1397 1581 1455 1647 πᾶς
1477 1571 1573 1659 ἐάλη“
1598 1572 1684 1639 -Ν
1708 1575 1771 1638 408
1785 1606 1829 1620 -
1850 1571 1903 1637 καί

200 1679 372 1769 τὸπρῶτον
398 1686 692 1767 τῶνπληθυντικιῦν
715 1674 847 1766 ἀλομεν,
877 1677 928 1744 καί
950 1677 1027 1745 κατὸι
1078 1676 1277 1765 πληθυντικὸν
1306 1678 1401 1764 τρίτον
1430 1675 1508 1743 κατὸ
1536 1674 1687 1762 συγκοπήν
1720 1678 1768 1754 ,σί
1798 1672 1835 1761 δή
1858 1702 1905 1742 τοι

202 1785 352 1872 συγκοπήν
375 1779 458 1850 ἀλεν.
498 1782 551 1848 καί
571 1779 592 1870 ἡ
616 1782 729 1870 μετοχὴ
754 1781 834 1856 ἀλείς
849 1779 891 1856 ὡς
907 1783 1024 1870 φανείς,
1079 1786 1121 1856 εἰς
1144 1776 1217 1848 ἄστυ
1240 1775 1331 1846 diff
1356 1780 1452 1846 -Χ
1477 1784 1515 1845 12
1538 1817 1599 1860 -,
1630 1776 1844 1867 ἀπαρέμφατόν
1871 1804 1903 1844 τε

201 1887 334 1962 ἀλέντος.
373 1885 407 1953 τὸ
424 1883 629 1963 ὁποτακτικόν,
653 1884 707 1951 έάν
723 1882 856 1971 ἀλῶμαι,
874 1883 928 1951 ἐὰν
944 1883 1026 1971 ἀλῆ·
1082 1883 1120 1971 ,ἢ
1152 1882 1244 1958 λαοὸς
1273 1886 1317 1958 είς
1345 1885 1445 1971 τεῖχος
1474 1879 1671 1970 ὁμοκλήσειεν
1700 1879 1830 1968 ἀλῆναι“
1860 1920 1905 1930 -

199 2016 259 2056 ται.
309 1986 436 2076 συστολή
466 1984 520 2055 οὖν
548 1990 681 2076 ἐγένετο,
714 1988 766 2053 καί
797 1986 946 2078 μεταβολὴ
974 1992 1026 2054 τοῦ
1081 1989 1190 2054 [1714
1213 2024 1266 2051 -.
1306 1986 1357 2052 καὶ
1381 1981 1480 2073 ὥσπερ
1503 1983 1522 2072 ἡ
1548 1986 1650 2072 φανείς
1674 1980 1786 2073 μετοχὴ
1810 1980 1903 2060 οῦτως

200 2090 298 2161 τόνου.
1078 2091 1130 2158 καί
1152 2089 1171 2177 ἡ
1196 2087 1295 2164 ἀλείς·
1323 2087 1465 2176 ,οἴμησεν
1489 2089 1522 2156 δέ
1544 2085 1645 2162 diei&
1668 2127 1711 2138 —
1733 2087 1842 2154 X308
1861 2128 1902 2138 -

1077 2196 1127 2261 καί
1157 2192 1311 2281 οὐδέτερον
1345 2186 1384 2281 ,ᾗ
1407 2194 1561 2281 χειμέριον
1585 2189 1656 2260 ἀλὲν
1679 2186 1779 2280 ῦδωρ“
1807 2191 1904 2260 -εΨ

1077 2304 1140 2364 420
1162 2335 1205 2346 -
1226 2297 1278 2362 καί
1299 2295 1499 2382 πληθυντικὸν
1522 2293 1677 2383 ἀρσενικὸν
1703 2292 1816 2384 ,αὸτὰρ
1838 2296 1905 2361 ἐπεί

1050 2446 1052 2451 -
1078 2400 1108 2466 κ’
1135 2404 1167 2475 ἐς
1189 2404 1289 2487 τεῖχος
1312 2395 1535 2466 ἀναπνεόσωσιν
1559 2397 1698 2473 didm&
1722 2437 1765 2448 -
1787 2401 1817 2464 Φ
1841 2403 1902 2464 534

1076 2543 1130 2584 -,
1155 2502 1206 2568 καί
1229 2499 1331 2587 γενικὴ
1358 2498 1462 2582 ,πόλις
1485 2500 1512 2568 δ’
1539 2502 1672 2587 ἔμπλητο
1688 2500 1838 2567 ἀλέντων“
1860 2541 1903 2552 -

1077 2609 1191 2691 odoi
1217 2643 1268 2668 -.
1315 2599 1420 2670 τοῦτου
1449 2605 1545 2670 τοίνυν
1577 2601 1770 2669 ὑποτακτικὸν
1794 2598 1908 2690 ἀληται-

990 2706 995 2713 ’
1077 2706 1118 2784 ὡς
1141 2706 1282 2795 λάβηται.
1330 2703 1457 2793 συστολὴ
1487 2696 1539 2773 οῦν
1568 2705 1686 2794 ἐγένετο
1708 2703 1728 2794 ἢ
1753 2705 1903 2795 μεταβολὴ

1076 2813 1236 2903 ἐγκλίσεως
1265 2806 1377 2897 ὁμοίως
1404 2816 1447 2899 τῷ
1482 2808 1571 2891 ,ἐπεὶ
1600 2801 1637 2898 ἀρ
1667 2837 1717 2877 κεν
1747 2808 1905 2898 ἀμείψεται

1007 2968 1011 2984 .
1076 2919 1163 3003 έρκος
1185 2910 1334 2982 ὀδόντων*
1360 2910 1583 2979 -1409-·
1616 2907 1718 3003 ,ῦφρα
1739 2913 1790 2979 καί
1813 2907 1903 2990 ἀλλος

1077 3016 1195 3106 πτωχὸς
1213 3013 1351 3083 ἀλεόεται
1367 3012 1592 3105 ἠπεροπευτης“
1616 3055 1659 3067 -
1674 3021 1688 3091 ξ
1703 3021 1766 3083 400
1791 3058 1828 3066 -
1852 3015 1904 3083 καί

1075 3120 1108 3188 τὸ
1139 3115 1178 3209 ,ἢ
1209 3115 1297 3194 αότὸς
1327 3121 1450 3208 φθίεται
1476 3117 1585 3209 πρυίτιρ
1615 3122 1646 3185 ἐν
1669 3117 1785 3209 ὁμίλιμ“
1815 3120 1905 3184 -Υ

1079 3227 1140 3290 173
1162 3262 1216 3289 -.

288 3349 305 3410 ¹)
327 3346 409 3402 inser.
430 3359 465 3400 ox
483 3345 581 3401 Venet.
603 3342 638 3398 Α.
659 3349 695 3405 ὡς
716 3347 760 3399 καί
783 3344 937 3417 Τυραννίων.
975 3346 1087 3400 Initium
1112 3343 1303 3401 adnotamenti
1327 3359 1388 3400 oum
1411 3337 1570 3399 Herodiano
1593 3344 1733 3412 congruit,
1758 3345 1906 3416 sequentia

199 3430 394 3503 neglegentius
411 3431 551 3500 excerpsit
567 3427 659 3502 Etym.
680 3462 714 3470 -
731 3430 767 3487 oi.
786 3431 819 3486 L.
839 3430 943 3488 Herod.
963 3433 1000 3487 ed
1019 3429 1039 3487 Σ
1059 3432 1100 3485 ῖ6.
1222 3488 1236 3503 ,

475 3706 514 3771 Ε.
541 3706 583 3771 Μ.
611 3708 684 3786 271,
711 3710 741 3771 8.
1032 3607 1063 3667 2·
1326 3705 1364 3769 L.
1390 3704 1508 3771 Herod.
1534 3705 1650 3769 diod.

202 3824 263 3905 ,δι’
292 3823 467 3898 ἀσπιδέος“;
495 3823 629 3912 [Κράτης
652 3827 743 3911 λέγει]
758 3828 777 3909 ¹)
804 3821 851 3890 ότι
871 3824 947 3897 τινές
971 3824 1023 3909 μέν
1076 3822 1094 3889 ὁ
1119 3823 1336 3909 Ἀσκαλωνίτης
1364 3822 1431 3903 ,δι’
1468 3822 1647 3903 ἀσπιδέος“,
1682 3823 1746 3889 ἐπεὶ
1769 3828 1904 3913 ἐπιφέρει

199 3927 257 3994 ἀπὸ
280 3935 332 3993 τοῦ
355 3935 375 3993 ο“ι
396 3925 625 4012 ποιοῦνταιτὴν
649 3924 825 4014 διαστολὴν,
856 3924 896 3993 ἵν’
927 3920 948 4015 ἦ
979 3925 1020 3991 δι’
1079 3922 1160 4006 ,ἀνά
1181 3925 1209 3991 τ’
1236 3927 1323 3992 ἔντεα
1345 3924 1425 3992 καλά
1439 3926 1608 4011 λέγοντες“,
1632 3925 1748 3992 τοιοῦτό
1764 3955 1793 3993 τι
1807 3930 1902 4015 λέγων

200 4029 369 4115 ἀοπίδεοςέ)
397 4030 520 4110 πεδίου,
546 4027 658 4095 ἀσπίδα
678 4026 712 4095 τὸ
734 4030 835 4096 πεδίον
859 4027 1023 4117 εἰρηκότες,
1077 4036 1129 4095 τοῦ
1150 4025 1263 4104 πολλὸς
1284 4027 1407 4117 ἔχοντος
1429 4026 1566 4102 ἀσπίδας.
1602 4023 1618 4094 ὁ
1643 4029 1676 4095 δέ
1695 4028 1830 4104 Ἀλεξίων
1853 4033 1903 4098 καί

198 4136 346 4200 τουτέστιν
369 4128 532 4221 ἐπιμηκους
554 4128 606 4197 καί
629 4139 756 4220 μακροῦ,
781 4126 801 4219 ἢ
823 4132 951 4208 πλατέος
974 4129 1025 4198 καί
1078 4129 1232 4220 ἀμφότερα
1255 4130 1366 4219 κρίνει,
1398 4128 1449 4196 καί
1478 4129 1618 4205 ἀσπιδέος
1640 4129 1691 4197 καί
1713 4135 1851 4208 σπιδέος·
1884 4130 1902 4201 ὁ

199 4240 395 4322 περιφεροῦς,
426 4232 484 4302 ἀπὸ
516 4241 686 4323 μεταφορᾶς
715 4242 768 4322 τῆς
797 4234 938 4317 ἀσπίδος,
975 4232 1026 4301 διὸ
1076 4260 1109 4302 τε
1126 4232 1318 4323 Ἀρίσταρχος
1341 4235 1438 4300 έκεῖνο
1461 4231 1671 4322 ἀποφαίνεται,
1697 4231 1738 4309 di<
1760 4229 1807 4302 ότι
1827 4237 1904 4312 τινές

203 4334 257 4422 [τὸ]
290 4333 327 4403 τά
354 4335 453 4424 μακρὰ
481 4341 539 4403 τεῦν
561 4339 670 4405 πεδίων
693 4332 744 4404 καί
765 4334 856 4426 εὸρέα
877 4344 1024 4426 περιφερῆ
1078 4339 1131 4424 μέν
1155 4335 1213 4404 ἀπὸ
1235 4345 1288 4404 τοῦ
1311 4344 1331 4402 ἄ
1352 4343 1506 4404 ποιοῦνται
1527 4336 1580 4424 τὴν
1604 4335 1783 4426 διαστολήν,
1813 4336 1856 4405 ἵν’
1881 4332 1902 4428 ἧ

200 4441 380 4528 φαίνεσθαι,
412 4439 539 4526 μηδενὸς
567 4434 661 4507 ἄλλου
691 4435 845 4529 ὁρωμένου
867 4441 1023 4527 τέρματος,
1078 4440 1263 4524 ἀσπίδεοςέ),
1286 4437 1328 4514 ei<
1344 4439 1588 4529 είκαστικυίτερον
1604 4448 1655 4507 τοῦ
1669 4449 1794 4528 ποιητοῦ
1810 4440 1903 4509 ἀσπι-

199 4542 278 4612 ἀλλά
300 4551 351 4609 τοῦ
373 4542 521 4631 ὁρίζοντος
544 4540 632 4630 ἀέρος
641 4548 677 4628 ³).
718 4537 806 4610 ἄλλοι
828 4545 861 4610 δὲ
876 4546 1024 4631 ἐκδέχον-
1079 4545 1126 4619 δές
1154 4542 1187 4610 τὸ
1209 4544 1309 4610 πεδίον
1326 4541 1479 4632 εἰρηκότος
1493 4552 1537 4633 τῷ
1551 4542 1588 4610 τὸ
1604 4543 1704 4632 μακροὶ
1719 4550 1777 4610 τῶν
1792 4547 1902 4611 πεδίων

199 4674 250 4713 ται
278 4646 370 4713 οίονεὶ
397 4654 449 4713 τοῦ
477 4647 599 4735 ἔχοντος
624 4646 737 4721 πολλὰς
760 4646 888 4720 ἀσπίδας
910 4650 945 4712 ἐκ
966 4653 1025 4712 τῶν
1078 4648 1129 4713 καί
1158 4645 1249 4735 εὸρέα
1275 4654 1420 4735 περιφερῆ
1448 4649 1628 4735 φαίνεσθαι,
1661 4646 1787 4734 μηδενὸς
1810 4642 1904 4715 ἀλλου

200 4757 312 4838 νεκρῶν
320 4752 342 4833 ⁴)
353 4801 364 4829 ,
395 4746 501 4815 καθότι
523 4751 660 4838 ἐπιφέρει
683 4748 761 4829 ,ἀνά
784 4749 810 4816 τ’
837 4751 924 4816 ἔντεα
946 4747 1027 4817 καλὸι
1078 4749 1232 4838 ὁρωμένου
1254 4753 1410 4838 τέρματος,
1435 4748 1513 4816 ἀλλὰ
1535 4757 1587 4817 τοῦ
1602 4746 1752 4837 όρίίοντος
1768 4749 1855 4838 ἀέρος
1863 4757 1900 4837 ³).

200 4856 354 4940 λέγυντες“
388 4892 430 4901 -
464 4854 489 4917 Λ
519 4856 580 4917 755
614 4891 657 4901 -
690 4855 721 4918 ἐν
754 4847 781 4941 ᾧ
812 4860 872 4919 τῶν
905 4851 1025 4940 ἀνηρη-
1079 4847 1168 4918 ἄλλοι
1190 4853 1223 4919 δέ
1245 4856 1421 4943 ἐκδέχονται
1443 4852 1583 4928 ἀοπιδέος
1604 4861 1657 4920 τοῦ
1680 4854 1802 4941 ἔχοντος
1823 4860 1903 4921 πολ-

201 4958 297 5040 μένων
320 4957 352 5021 αί
373 4952 496 5028 ἀσπίδες
523 4955 636 5022 ἔκειντο
646 4958 683 5039 ⁶).
730 4959 759 5022 οἱ
789 4957 822 5021 δέ
849 4981 925 5043 φασι
953 4982 1025 5021 σπι·
1077 4955 1133 5030 λάς
1162 4953 1308 5037 ἀσπίδας,
1339 4955 1448 5023 καθότι
1475 4960 1612 5045 ἐπιφέρει
1644 4954 1726 5035 ,ἀντί
1755 4956 1783 5022 τ’
1817 4958 1904 5025 ἔντεα

202 5060 287 5139 δέος,
316 5064 430 5125 πολλοῦ
457 5057 509 5124 καί
538 5065 665 5145 μακροῦ.
712 5056 764 5124 καί
792 5056 850 5145 γὰρ
872 5048 1026 5147 Αίσχόλοξ
1076 5057 1158 5125 καλὸ
1180 5062 1346 5145 λέγοντεςίί.
1398 5064 1427 5126 οί
1449 5063 1483 5126 δέ
1505 5086 1597 5149 φασιν
1619 5063 1653 5125 ἐκ
1674 5057 1807 5147 πλήρους
1830 5087 1902 5128 σπι-

199 5158 343 5236 πολλάκις
365 5155 459 5236 οότως
480 5162 563 5250 ἔχειν
585 5157 637 5247 τὴν
659 5162 736 5234 λέξιν
758 5163 875 5247 τίθησιν
884 5164 929 5244 ί)·
962 5161 1025 5227 οἷον
1078 5164 1145 5236 δέος
1172 5161 1222 5228 καί
1250 5159 1430 5229 ἀποδιδόασι
1457 5169 1569 5230 πολλοῦ
1599 5161 1651 5228 καί
1679 5169 1812 5250 μακροῦ·
1852 5163 1904 5229 καί

202 5265 336 5343 ,σπίδιον
354 5272 447 5351 μῆκος
462 5260 569 5332 ὁδοῦ“.
594 5261 645 5329 καί
657 5261 830 5352 Ἀντίμαχος
848 5263 937 5346 ,οὐδὲ
952 5290 1022 5330 σπι-
1076 5263 1134 5353 γάρ
1158 5263 1309 5354 Ἀίσχόλος
1330 5264 1474 5341 πολλάκις
1495 5265 1549 5353 τήν
1572 5269 1648 5339 λέξιν
1664 5260 1758 5340 οὕτως
1772 5266 1903 5354 ἔχουσαν
