4950 6578
1429 677 1449 741 6

587 863 656 938 τυὸς
684 863 787 940 τόνους
815 866 985 951 προσνέμει.
1033 858 1121 950 ὴότι
1143 862 1193 929 καί
1215 860 1235 949 ὴ
1259 862 1416 951 ἀφαίρεσις
1465 862 1616 944 συντάξει,
1653 862 1722 931 ἀλλ’
1753 860 1854 952 ἔτερόν
1884 890 1912 930 τι
1941 861 2023 952 αὐτῷ
2052 861 2180 952 σόνὴδες
2209 870 2291 954 ῥῆμα

587 975 639 1033 τοῦ
662 975 680 1032 ὃ
702 965 874 1056 ἀναδρομὴν
898 962 1097 1053 ἀπεργάζεται
1118 972 1171 1031 τυδ
1192 963 1290 1031 τόνου.
1464 967 1553 1046 εἶναι,
1577 964 1610 1033 τὸ
1633 964 1761 1047 υὸτάζω,
1789 963 1860 1034 ὅθεν
1883 966 1933 1033 καί
1955 961 2079 1037 οάτασεν
2100 966 2118 1035 ὸ
2141 967 2287 1058 ἀόριστος.

674 1087 709 1141 cs.
729 1088 813 1142 etiam
831 1087 867 1141 ad
885 1086 1044 1156 ἐληλάμενος
1062 1088 1122 1150 336,
1142 1088 1183 1138 42.
1463 1067 1499 1135 οὐ
1525 1068 1583 1157 γάρ
1613 1068 1649 1157 δὴ
1678 1070 1805 1157 συστολὴ
1828 1077 1880 1137 τοδ
1902 1067 2046 1156 οότησεν,
2078 1068 2119 1146 ὡς
2141 1070 2291 1160 πρόδηλον

1462 1169 1520 1237 κάκ
1541 1179 1594 1237 τοῦ
1616 1170 1833 1260 ἀπαρεμφάτου
1857 1171 2001 1253 ,οδτάσαι
2016 1172 2086 1241 οὐδὲ
2102 1178 2225 1263 patero
2250 1217 2292 1226 —

1463 1276 1488 1340 Ξ
1503 1279 1565 1339 424
1582 1276 1690 1341 -καί
1706 1279 1740 1341 ἐκ
1755 1280 1807 1341 τοδ
1832 1271 1994 1356 ,οὔτασται
2009 1274 2038 1342 δ’
2054 1275 2231 1354 Ὀδυσσεός“
2249 1321 2291 1330 -

1462 1383 1521 1443 661
1546 1417 1600 1444 -.
1647 1377 1742 1467 τυότιμ
1765 1378 1802 1464 δὴ
1824 1386 1868 1468 τῷ
1890 1373 2032 1446 οὔτασται
2053 1382 2209 1469 παρέθηκε
2232 1411 2291 1468 με-

1460 1480 1553 1570 τοχὴν
1575 1479 1629 1567 τὴν
1654 1480 1833 1567 οὐτασμένος
1858 1476 1942 1562 ,οὔτ’
1963 1482 2161 1571 αὐτοσχεδίην
2177 1483 2291 1552 οὸτασ-

1462 1584 1636 1670 μένος“’-
1658 1590 1676 1650 λ
1698 1588 1761 1650 536
1784 1624 1838 1664 -,
1861 1580 1926 1673 ὴτις
1949 1584 2017 1650 κατ’
2043 1587 2177 1674 ἔλλειψιν
2199 1595 2291 1655 τοδδ

1460 1689 1573 1774 γίνεται
1602 1686 1775 1773 οὸτάμενυς.
1821 1685 2049 1776 πρυπαραξόνδὴ
2085 1691 2118 1755 δὲ
2151 1688 2206 1756 ὸπὸ
2240 1700 2291 1758 τοῦ

1424 1814 1430 1823 “
1457 1788 1652 1879 Ἀριστάρχου
1675 1787 1726 1856 διὸ
1747 1789 1797 1857 τὸν
1812 1800 2004 1879 χαρακτῆρα,
2029 1792 2094 1858 ἐπεί
2110 1796 2292 1861 αἱτοιαῦται

1463 1893 1588 1981 μετοχαὶ
1606 1891 1881 1981 προπαρωξόνοντο,
1907 1890 2073 1981 ἱστάμενος,
2098 1895 2287 1985 κιχράμενος.

1461 1994 1477 2061 ὸ
1507 1995 1564 2083 γὰρ
1593 1994 1670 2083 ἀνὴρ
1699 2003 1742 2085 τῷ
1770 2002 1941 2085 χαρακτῆρι
1965 2002 2077 2083 μᾶλλον
2100 1998 2168 2074 τοὸς
2190 1998 2292 2074 τόνους

1460 2101 1629 2186 προσνέμει.
1671 2094 1770 2174 άλλως
1792 2126 1825 2165 τε
1847 2099 1898 2165 καί
1918 2097 1938 2187 ὴ
1955 2103 2095 2187 γινομένη
2111 2109 2163 2167 τοδ
2180 2109 2198 2166 5
2213 2098 2293 2190 ἀρε-

1462 2229 1507 2275 σις
1529 2203 1580 2267 καί
1604 2200 1776 2289 ἀναδρομὴν
1800 2200 1959 2290 ἐργάζεται
1981 2201 2077 2269 τόνου.

631 2430 721 2496 Duos
742 2431 829 2495 locos
852 2435 1033 2510 sequentes,
1059 2428 1113 2511 qui
1136 2435 1269 2512 propter
1289 2427 1506 2493 adnotamenti
1529 2435 1595 2492 tum
1619 2426 1899 2495 conformationem
1923 2435 1990 2492 tum
2013 2448 2189 2494 sermonem
2210 2429 2294 2494 inter

588 2535 730 2618 genuina
751 2534 871 2606 Iliacae
901 2531 1070 2616 prosodiae
1093 2530 1276 2613 fragmenta
1297 2553 1318 2596 a
1342 2530 1474 2596 Lehrsio
1497 2537 1529 2595 et
1551 2530 1683 2595 Lentzio
1706 2551 1768 2595 non
1792 2539 1866 2595 sunt
1888 2532 2023 2615 recepti,
2057 2532 2133 2597 licet
2162 2552 2202 2595 ex
2225 2532 2292 2595 He·

587 2638 719 2703 rodiano
740 2634 906 2716 fluxerint,
940 2641 976 2698 nt
1001 2654 1042 2701 ex
1068 2633 1205 2699 nominis
1234 2632 1532 2698 commemoratione
1561 2641 1594 2696 et
1621 2632 1755 2696 aliorum
1779 2634 1917 2698 locorum
1940 2632 2177 2717 comparatione
2199 2632 2291 2695 colli-

588 2741 684 2823 gitur,
709 2739 769 2805 hoc
791 2736 862 2803 loco
883 2735 1182 2821 praetermittendos
1204 2756 1268 2800 non
1290 2756 1363 2803 csse
1385 2735 1507 2821 putari.

1423 2980 1454 3040 7.

856 3097 892 3162 E.
919 3097 964 3162 Μ.
988 3101 1063 3178 761,
1090 3099 1140 3161 33.
1267 3144 1269 3147 ψ
1636 3097 1672 3163 L.
1698 3096 1814 3162 Herod.
1840 3096 1944 3161 Praei.
1971 3093 2120 3159 LXXIX.

591 3217 642 3298 „td
666 3220 698 3283 δέ
722 3244 772 3304 μοι
794 3214 925 3304 κρὴὴνυν
948 3217 1081 3303 ἐέλδωρ“
1106 3216 1248 3280 -A41
1268 3214 1413 3303 -Ἀρί-
1467 3242 1519 3296 ,το
1547 3221 1617 3283 δε“;
1647 3213 1836 3302 Ἀρίσταρχος
1865 3210 1919 3278 δόο
1947 3214 2024 3300 μέρη
2055 3210 2145 3299 λόγου
2174 3211 2206 3277 τὸ
2239 3209 2290 3289 ,τὸ

589 3347 718 3409 σταρχος
741 3316 793 3386 δόυ
810 3321 885 3408 μέρη
902 3316 992 3405 λόγου
1007 3324 1102 3384 ταδτα
1117 3318 1195 3385 εἶναι
1211 3320 1309 3404 λέγει’
1347 3317 1363 3384 ὸ
1380 3320 1413 3384 δὲ
1467 3321 1499 3384 δέ
1523 3332 1606 3406 μοι“,
1625 3316 1812 3404 Ἡρωδιανὸς
1834 3319 1875 3380 έν.

582 3421 823 3511 Ἡρωδιανὸς
853 3426 895 3488 ἕν.
943 3419 959 3486 ὸ
987 3421 1020 3487 δὲ
1045 3419 1234 3510 Ἀρίσταρχος
1263 3420 1358 3495 ὸξόνει
1384 3422 1417 3487 τὸ

590 3529 635 3605 δέ,
652 3523 763 3611 δμοίως
778 3532 821 3615 τῷ
835 3520 880 3605 τό,
897 3522 937 3589 ἵν’
957 3518 978 3611 ὴ
995 3521 1049 3589 ooo
1065 3525 1140 3611 μέρη
1157 3523 1257 3611 λόγου.
1292 3527 1416 3611 ἐπείσδὴ

589 3629 623 3694 δὲ
645 3627 665 3715 ὴ
687 3627 853 3716 παράδυσις
873 3624 1066 3715 Ἀριστάρχῳ.

674 3749 709 3804 cs.
731 3748 854 3805 Cramer}
872 3746 978 3803 Anecd.
999 3746 1021 3811 1,
1041 3751 1100 3811 408,
1120 3753 1146 3801 ⁴.
1185 3748 1217 3803 L.
1237 3749 1272 3802 Η.
1292 3749 1329 3802 ad
1347 3746 1373 3801 A
1393 3749 1442 3801 212
1460 3749 1565 3815 erm.

1424 3956 1455 4018 8.

858 4076 896 4141 L.
922 4076 965 4141 Μ.
992 4079 1065 4159 508,
1092 4079 1144 4140 26.
1619 4074 1667 4138 'L.
1695 4073 1814 4139 Herod.
1840 4072 1944 4139 Praef.
1972 4070 2123 4139 LXXIX.

592 4191 707 4273 ,κεῖνός
730 4192 761 4259 δ’
789 4187 831 4267 ὣς
854 4191 1034 4282 ἀγόρευεν“;
1060 4233 1102 4243 -
1126 4192 1231 4260 8330
1255 4190 1334 4258 -ὸ
1358 4193 1436 4279 μὲν.
1467 4196 1582 4272 ,κεῖνος
1605 4190 1636 4256 δ’
1664 4188 1742 4266 ὥς“;
1778 4190 1871 4267 οὕτως
1893 4190 2079 4280 Ἡρωδιανὸς
2103 4190 2152 4257 διά
2174 4198 2226 4256 τοδ
2247 4179 2288 4255 o'.

582 4294 821 4386 Ἡρωδιανὸς
844 4294 1044 4384 ἀναγινώσκει
1065 4300 1108 4370 είς
1129 4294 1162 4362 τὸ
1185 4286 1231 4363 ιιι-ι
1255 4320 1412 4384 περισπω-
1465 4299 1507 4370 εἰς
1522 4294 1554 4362 τὸ
1573 4283 1618 4361 τῖε-ι
1636 4298 1862 4383 περισπωμένην
1883 4294 2039 4369 καίείςτὸ
2058 4283 2107 4368 νος
2125 4293 2291 4367 ὀξεῖανκαὶ

590 4402 681 4486 μένὴν
704 4400 755 4465 καί
778 4403 820 4473 είς
841 4399 874 4466 τὸ
897 4389 947 4475 νος
968 4398 1065 4474 ὸξεῖαν
1094 4398 1145 4463 καί
1167 4402 1210 4473 εἰς
1232 4398 1265 4465 τὸ
1287 4385 1329 4475 ως
1351 4402 1412 4487 βα·
1465 4402 1508 4473 εἰς
1530 4392 1572 4473 ὣς
1594 4401 1727 4485 βαρεῖαν.
1762 4395 1778 4463 ὸ
1802 4399 1835 4464 δὲ
1853 4397 2043 4487 Ἀρίσταρχος
2068 4401 2182 4478 ,κεῖνος
2202 4394 2285 4462 τόσσ’

590 4506 689 4591 ρεῖαν·
713 4501 729 4568 ὸ
748 4504 781 4569 δὲ
794 4501 982 4592 Ἀρίσταρχος
1000 4506 1115 4584 ,κεῖνος
1130 4498 1214 4567 τόσσ’
1234 4500 1409 4590 ἀγόρευεν“.
1467 4499 1643 4589 ἀγόρευεν“.

1412 4895 1465 4964 ΙΙ.

676 5073 745 5138 lnm
768 5069 917 5136 indicabo
939 5090 1023 5135 nunc
1045 5069 1131 5136 locos
1153 5070 1364 5177 insigniores,
1396 5106 1440 5118 -
1462 5078 1537 5135 sunt
1563 5070 1677 5154 viginti
1706 5077 1829 5154 septem
1854 5106 1894 5117 -
1915 5090 1995 5156 quos
2018 5069 2227 5154 Etymologue
2250 5066 2292 5133 ad

590 5175 716 5241 literam
746 5175 846 5241 verba
872 5173 1013 5238 auctoris
1041 5174 1143 5239 solius
1164 5172 1306 5239 reddens
1327 5172 1529 5257 transcripsit
1554 5191 1659 5255 neque
1680 5173 1721 5238 iis
1743 5173 1844 5254 notis,
1876 5193 1957 5255 quas
1980 5192 2021 5238 cx
2045 5172 2179 5237 aliorum
2202 5171 2293 5236 libris

590 5278 761 5362 excerpsit,
786 5276 1030 5353 contaminavit;
1061 5282 1233 5357 auctorem,
1260 5276 1345 5341 unde
1366 5276 1483 5358 hausit,
1510 5293 1668 5358 nusquam
1692 5276 1960 5341 commemoravit.
