4950 6578
1444 660 1481 723 10

874 950 912 1017 υ.
938 953 982 1018 Μ.
1008 955 1082 1033 567,
1109 954 1160 1015 ει.
1443 851 1473 913 8⁶
1742 953 1780 1016 L.
1805 952 1921 1019 Herod.
1949 950 1976 1017 ιι
2000 956 2052 1017 47.

608 1071 803 1149 ,λιτέσθαι“;
829 1064 942 1158 ὤφειλε
962 1068 1240 1157 προπαροξύνεσθαι
1256 1066 1296 1144 ῶς
1310 1068 1344 1135 τό
1359 1069 1432 1157 έρε-
1488 1072 1675 1148 ,λιτέσθαι“.
1705 1067 1951 1156 δἈσκαλωνίτης
1967 1069 2044 1145 ἀξιοῖ
2058 1069 2171 1157 δμοίως
2186 1079 2229 1163 τῷ
2245 1073 2313 1139 λίσ-

606 1175 690 1252 σθαι,
714 1170 877 1255 πύθεσθαι,
903 1172 1007 1260 ἐπειδῆ
1030 1175 1122 1260 μέσου
1139 1171 1277 1258 ἀορίστου
1294 1174 1433 1259 δευτέρου
1487 1175 1607 1253 σεσθαι,
1632 1172 1697 1238 ἐπεί
1720 1176 1879 1248 ἐνεστῶτος
1894 1171 2005 1263 χρόνου
2021 1174 2080 1241 ἀπὸ
2096 1173 2247 1263 όριστικοῦ
2262 1183 2314 1243 τοῦ

605 1276 685 1354 ἐστί,
720 1273 974 1364 προπαροξύνεται
1002 1273 1111 1362 δμοίως
1137 1284 1181 1365 τῷ
1210 1278 1352 1364 δέρεσθαι
1382 1274 1433 1340 καί
1485 1276 1621 1361 λίτομαι·
1645 1276 1704 1342 είσί
1727 1277 1761 1342 δὲ
1784 1277 1813 1344 οἳ
1833 1274 2046 1365 παροξύνουσιν
2070 1274 2179 1364 ὁμοίως
2193 1285 2237 1368 τῷ
2253 1285 2313 1346 λα-

605 1381 753 1466 φέρεσθαι
782 1382 953 1454 ἐνεστῶτος.
1000 1375 1078 1445 ούτω
1107 1380 1158 1444 καί
1188 1379 1237 1444 ἐπί
1259 1385 1312 1446 τοῦ
1335 1385 1433 1466 ,κῆρα
1487 1379 1605 1465 βέσθαι.
1648 1378 1709 1465 ἐγῶ
1733 1378 1762 1445 δ’
1790 1383 1904 1446 ἐπαινῶ
1925 1379 1975 1448 τόν
1994 1379 2212 1468 Ἀσκαλωνίτην
2234 1408 2312 1470 προ-

605 1484 760 1549 λιτέσθαι“
792 1521 834 1531 -
859 1484 885 1548 Π
910 1488 949 1546 47
974 1522 1015 1530 -
1053 1477 1165 1571 ιύφειλε
1195 1484 1248 1568 μέν
1275 1508 1433 1570 προπαρο-
1484 1478 1687 1569 παροξύνοντα
1709 1481 1757 1547 ἐπί
1779 1486 1950 1559 ἐνεστῶτος.
1988 1491 2074 1551 τοῦτο
2097 1481 2154 1572 γάρ
2177 1488 2241 1552 ἐστι
2260 1485 2309 1551 καί

606 1581 762 1664 ξύνεσθαι,
800 1582 845 1652 ότι
879 1582 1005 1660 ένεστως
1040 1590 1118 1652 ἐστιν
1149 1584 1206 1652 άπό
1233 1592 1285 1651 τοδ
1315 1587 1433 1671 λίτομαι
1485 1583 1518 1649 τό
1542 1582 1736 1671 δηλούμενον.
1781 1587 1889 1672 ἔμελλε
1912 1586 1969 1675 γὰρ
1993 1585 2075 1678 αύτῷ
2098 1585 2227 1655 θάνατον
2243 1590 2310 1656 λίσ-

607 1686 779 1776 βαρυτόνου.
828 1687 900 1756 ἀλλ’
926 1690 990 1757 ἐπεὶ
1012 1688 1049 1756 τὰ
1071 1693 1114 1764 εἰς
1137 1678 1210 1757 σθαι
1231 1687 1435 1776 άπαρέμφατα
1487 1690 1605 1753 σεσθαι.
1646 1692 1727 1754 δοκεῖ
1750 1691 1782 1754 δέ
1806 1715 1857 1775 μοι
1871 1687 1891 1777 ἡ
1907 1692 2017 1758 πλείων
2031 1688 2195 1778 παράδοσις
2210 1718 2311 1779 παρο-

603 1799 646 1879 τῷ
680 1798 696 1857 ἐ
725 1790 981 1879 παραληγόμενα,
1020 1790 1074 1859 ούκ
1109 1787 1180 1859 όντα
1211 1790 1269 1858 ἀπὸ
1299 1798 1358 1859 τῶν
1389 1794 1431 1865 είς
1484 1786 1576 1863 Εύνειν
1600 1788 1654 1858 ούκ
1677 1789 1843 1867 ἀπιθάνως.
1883 1788 1973 1881 όνπερ
1996 1791 2053 1882 γάρ
2069 1791 2175 1882 τρόπον
2191 1798 2222 1860 ἐν
2239 1798 2309 1861 ἑτέ-

605 1882 650 1981 μι,
679 1897 790 1984 ἔχοντα
812 1898 843 1960 έν
866 1903 902 1982 τῆ
926 1896 1008 1983 τρίτη
1032 1893 1090 1961 ἀπό
1112 1900 1215 1971 τέλους
1239 1896 1374 1983 συλλαβῆ
1398 1893 1431 1960 τὸ
1485 1919 1546 1981 ροις
1563 1891 1776 1983 διαλαμβάνων
1791 1895 1859 1983 περί
1873 1902 1926 1963 τοδ
1950 1902 2156 1984 ,μεταλλῆσαι
2169 1897 2221 1964 καί
2235 1898 2307 1985 έρε-

604 2001 891 2086 ῑσυνεσταλμένυν,
923 1997 963 2085 μῆ
993 2001 1215 2087 ἐπιφερομένων
1246 1996 1328 2085 αύτῷ
1357 1994 1431 2084 μήτε
1484 1998 1575 2062 σθαι“
1603 2036 1640 2046 -
1664 2025 1682 2084 γ
1706 2003 1747 2065 69
1772 2037 1824 2081 -,
1856 1997 2015 2074 ἀξιούντων
2042 1997 2160 2067 πάντων
2183 1998 2216 2065 τό
2238 2003 2308 2087 ἐρέ-

605 2101 658 2169 δύο
681 2099 849 2191 συμφώνων
874 2100 948 2189 μήτε
972 2106 1096 2183 διπλοῦ,
1125 2100 1336 2190 παροξύνεται,
1368 2101 1430 2167 οἷον
1485 2101 1557 2166 σθαι
1579 2096 1690 2186 δμοίως
1704 2108 1747 2190 τῷ
1762 2104 1926 2181 πυθέσθαι,
1951 2101 2113 2190 ἐπειδήπερ
2130 2105 2219 2189 μέσος
2236 2099 2310 2170 δεύ-

604 2208 745 2273 λιπέσθαι
754 2260 764 2288 ,
803 2208 922 2272 ἱκέσθαι
931 2259 940 2287 ,
975 2208 1138 2287 πιθέσθαι,
1174 2201 1267 2280 υύτως
1298 2199 1348 2270 ούν
1380 2205 1431 2271 καί
1455 2261 1458 2267 .
1485 2229 1569 2291 τερος
1592 2201 1728 2291 ἀόριστός
1751 2208 1850 2287 ἐστιν,
1876 2202 2075 2295 ἀπεφηνάμην
2099 2203 2140 2280 ῶς
2162 2203 2182 2292 ῆ
2205 2203 2309 2293 παρά-

603 2312 752 2388 λιτέσθαι,
782 2308 817 2376 ού
839 2315 881 2398 τῷ
904 2307 985 2397 λόγῳ
1006 2317 1059 2375 τοῦ
1082 2312 1241 2383 ἐνεστῶτος
1263 2307 1430 2397 παροξύνε-
1484 2309 1564 2380 δοσις
1594 2308 1693 2395 τρίτην
1726 2306 1783 2375 ἀπό
1805 2312 1908 2384 τέλους
1930 2311 2052 2397 ἐποίησε
2074 2307 2129 2396 τῆν
2153 2307 2250 2383 όξεῖαν
2275 2307 2310 2376 ού

602 2438 663 2492 ται,
689 2410 768 2479 ἀλλά
789 2420 832 2501 τῷ
854 2420 1033 2500 χαρακτῆρι.
1392 2491 1396 2499 ¹
1481 2417 1524 2498 τῷ
1547 2414 1759 2501 σημαινομένῳ
1780 2415 1951 2493 πεισθεῖσα,
1976 2411 2055 2481 ἀλλά
2076 2419 2120 2501 τῷ
2141 2419 2311 2501 χαρακτῆρι

1481 2519 1534 2599 τῆς
1557 2520 1676 2602 φωνῆς,
1709 2515 1774 2581 ἐπεί
1799 2515 1837 2582 τά
1858 2522 1983 2583 τοιαῦτα
2004 2523 2063 2584 τῶν
2087 2514 2310 2603 ἀπαρεμφάτων

1480 2613 1738 2704 προπαρωξύνετο,
1762 2611 1834 2684 όντα
1857 2621 2036 2699 ἐνεστῶτος,
2061 2619 2123 2685 οἷον
2147 2621 2307 2707 φέρεσθαι,

1482 2720 1640 2805 δέρεσθαι,
1674 2712 1694 2785 ἀ
1717 2720 1782 2808 εἶχε
1804 2719 1857 2809 τῆν
1878 2708 1915 2810 ρε
1938 2720 2089 2809 συλλαβῆν
2111 2720 2169 2810 πρὸ
2191 2725 2306 2798 τέλους,

1479 2828 1532 2908 τῆς
1563 2820 1715 2910 ἀρχούσης
1747 2827 1899 2913 συλλαβῆς
1922 2828 1964 2900 είς
1986 2823 2019 2892 τό
2043 2831 2058 2891 ἓ
2080 2823 2242 2912 ληγούσης,
2266 2864 2309 2874 -

1481 2920 1574 2999 ούτως
1604 2925 1656 2991 καί
1684 2925 1717 2992 τό
1748 2927 1873 3014 ἔρεσθαι
1903 2926 2121 3014 ἀναδεξάμενον
2144 2927 2194 2995 τόν
2219 2927 2307 2995 αύτόν

1479 3035 1660 3117 χαρακτῆρα
1674 3028 1931 3118 προπαρωξύνετο,
1950 3029 2040 3120 αύτῷ
2054 3028 2136 3120 λόγῳ
2150 3037 2203 3098 τοῦ
2219 3030 2308 3120 ἀορί-

1481 3157 1562 3210 στου,
1586 3137 1623 3220 τῆ
1649 3133 1682 3198 δὲ
1705 3129 1860 3221 ὁμοιότητι
1880 3141 1933 3222 τῆς
1956 3142 2058 3225 φωνῆς
2081 3173 2123 3184 —-
2144 3133 2195 3201 τόν
2218 3133 2308 3202 αὐτόν

1479 3230 1587 3322 τρόπον
1617 3235 1669 3302 καί
1697 3236 1746 3303 ἐπί
1774 3244 1827 3305 τοδ
1853 3241 2061 3327 προκειμένου.
2107 3235 2223 3327 ὀφείλει
2250 3237 2308 3326 γὰρ

1479 3335 1512 3404 τό
1546 3342 1683 3406 λιτεσθαι
1714 3337 1997 3430 προπαροξύνεσθαι.
2050 3348 2137 3409 τοῦτο
2166 3340 2223 3430 γάρ
2254 3345 2308 3408 αἰ-

1480 3445 1526 3508 τεῖ
1547 3442 1599 3507 καί
1620 3441 1653 3509 τὸ
1677 3442 1782 3530 νοητόν
1805 3443 1856 3510 καί
1877 3441 1894 3510 δ
1917 3442 2146 3533 σχηματισμός,
2169 3443 2252 3532 παρὰ
2272 3443 2305 3510 τό

1481 3545 1609 3630 λίτομαι.
1650 3543 1719 3611 ἀλλ’
1746 3544 1810 3611 ἐπεί
1832 3546 1869 3613 τά
1892 3550 1935 3622 είς
1956 3538 2032 3614 'offui
2046 3546 2249 3636 ἀπαρέμφατα
2262 3548 2307 3635 τῷ

1482 3645 1830 3734 ἐπαραληγόμενα,ούκ
1845 3645 1917 3718 όντα
1933 3649 1991 3717 ἀπὸ
2006 3657 2065 3717 τῶν
2082 3655 2125 3726 εἰς
2136 3639 2181 3739 μί,
2198 3652 2307 3740 ἔχοντα

1480 3753 1511 3815 ἐν
1534 3757 1570 3837 τῆ
1594 3752 1678 3840 τρίτη
1702 3750 1761 3819 άπό
1784 3756 1887 3829 τέλους
1911 3757 2045 3842 συλλαβῆ
2064 3754 2097 3821 τό
2113 3774 2125 3821 ῑ
2142 3761 2308 3822 συνεσταλ-

1482 3857 1586 3941 μένον,
1619 3853 1659 3942 μῆ
1690 3858 1913 3946 ἐπιφερομένων
1944 3856 2026 3946 αύτῷ
2053 3855 2127 3945 μήτε
2150 3855 2204 3924 δυό
2227 3886 2308 3944 συμ-

1480 3955 1589 4046 φώνων
1614 3957 1688 4045 μήτε
1711 3954 1837 4040 διπλοῦ,
1854 3958 2053 4049 παρωξύνετο,
2079 3955 2179 4047 ὥσπερ
2193 3961 2261 4047 ἔχει
2275 3960 2308 4026 τό

1480 4062 1634 4143 λιπέσθαι,
1658 4065 1816 4145 πιθέσθαι,
1845 4066 1974 4143 ἰδέσθαι,
2001 4064 2130 4142 ἱκέσθαι,
2148 4055 2242 4136 οὕτως
2258 4061 2308 4128 καί

1480 4161 1512 4229 τό
1536 4165 1672 4231 λιτέσθαι
1693 4164 1864 4251 παρώξυνεν
1880 4162 1899 4250 ἡ
1916 4159 2091 4248 παράδοσις,
2117 4162 2152 4229 ού
2167 4170 2210 4252 τῷ
2226 4161 2308 4252 λόγῳ

1480 4273 1532 4334 τοῦ
1554 4270 1717 4341 ἐνεστῶτος
1732 4268 1903 4343 πεισθεῖσα,
1926 4268 1970 4352 τῷ
1986 4264 2019 4330 δέ
2034 4269 2086 4331 τοῦ
2101 4275 2304 4356 χαρακτῆρος.

1481 4372 1698 4457 παρεκτέταται
1719 4366 1754 4434 τὸ
1777 4364 1943 4456 κεφάλαιον
1965 4373 2009 4455 τῷ
2025 4364 2218 4459 Ἡρωδιανῷ.

689 4492 787 4548 Priora
804 4494 887 4548 valde
906 4500 971 4548 sunt
988 4493 1133 4547 decurtata
1152 4499 1181 4546 et
1199 4492 1344 4557 mendosa,
1372 4491 1525 4546 novissima
1541 4489 1577 4543 ab
1595 4487 1689 4561 ὤφειλε
1714 4488 1761 4558 μὲν
1785 4486 2034 4559 προπαροξύνεσθαι,
2061 4487 2099 4542 δτι
2124 4490 2229 4549 ἐνεστώς
2254 4490 2305 4540 ἐστι
2351 4544 2355 4557 ι

604 4594 692 4648 usque
710 4580 745 4633 ad
764 4576 846 4634 finem
864 4578 900 4631 ad
920 4577 1033 4632 verbum
1052 4579 1292 4646 conspirantem
1309 4576 1462 4631 Herodiani
1480 4581 1555 4629 nota.
1594 4574 1672 4629 Eunt.
1696 4576 1772 4640 7045,
1794 4577 1816 4627 1.
1838 4574 1956 4629 eundem
1974 4589 2106 4630 σαοουοω
2123 4573 2244 4629 exhibet.

1438 4751 1470 4812 9.

874 4853 911 4918 Ε.
938 4853 979 4919 Μ.
1007 4856 1081 4936 572,
1111 4857 1160 4917 10.
1750 4850 1786 4914 L.
1812 4850 1930 4917 Herod.
1956 4851 1982 4917 Ω
2007 4856 2036 4916 1.

606 4978 734 5052 ,λδτο“ῑ
762 4978 852 5051 ,λῦτο
869 4970 897 5037 δ’
918 4968 1020 5058 οἰγοόνιι
1041 4968 1220 5044 -Ἰλιάδος
1234 4967 1268 5034 ω’
1284 5006 1322 5018 -
1342 4974 1354 5032 1
1377 5005 1427 5031 -.
1486 4966 1615 5049 ,λύτοέίε
1647 4972 1675 5036 εἰ
1704 4969 1757 5054 μὲν
1789 4971 1878 5054 μέσος
1907 4967 2043 5056 δεύτερος
2069 4965 2207 5056 ἀόριστός
2229 4971 2307 5035 ἐστιν

605 5078 632 5142 εί
662 5077 715 5163 μέν
744 5078 807 5141 ἐστι
833 5077 922 5161 μέσος
945 5073 1081 5163 ἀόριστος
1104 5072 1130 5162 β’
1155 5071 1213 5139 ἀπὸ
1235 5077 1295 5138 τῶν
1318 5074 1361 5145 είς
1384 5058 1429 5157 pst,
1485 5069 1542 5137 ἀπὸ
1564 5078 1623 5138 τῶν
1645 5075 1688 5147 εἰς
1706 5059 1761 5160 μἰ,
1794 5067 1894 5160 ὥσπερ
1916 5066 1978 5160 ἤδη
2001 5073 2157 5138 ἐπίσταται
2178 5075 2273 5160 λέγων
2285 5074 2304 5158 ¹)

606 5174 705 5266 ὥσπερ
728 5173 787 5264 ἤδη
811 5177 964 5243 ἐπίσταται
986 5180 1129 5264 λέγεσθαι
1139 5179 1158 5263 ¹)
1188 5182 1258 5256 ,νῦν
1282 5176 1315 5240 δέ
1334 5171 1431 5261 λύμην
1486 5182 1557 5255 ,νῦν
1581 5175 1614 5241 δέ
1636 5173 1732 5263 λύμην
1755 5175 1817 5263 τρίς
1839 5171 1932 5242 τόσσα
1953 5171 2074 5265 ποροίν“
2102 5215 2137 5227 -
2157 5178 2187 5241 Φ
2210 5180 2251 5243 80
2269 5213 2307 5225 -

604 5282 666 5370 τρίς
681 5279 775 5349 τόσσα
789 5278 910 5368 πορών“
937 5319 974 5329 -
992 5283 1021 5346 (ί)
1038 5285 1079 5346 80
1098 5319 1133 5328 -
1159 5279 1211 5346 καί
1235 5285 1306 5366 ,τῆς
1323 5276 1350 5343 δ’
1371 5271 1431 5367 άρα
1483 5279 1534 5345 καί
1564 5285 1635 5366 ,τῆς
1665 5277 1693 5344 δ’
1728 5272 1789 5366 ἀρα
1817 5277 1979 5366 κλαιούσης
2007 5275 2078 5346 λύτο
2108 5276 2307 5366 γούναταίθ,
