4950 6578
1225 698 1244 760 3

384 887 499 971 periri,
533 906 616 968 quae
638 884 767 950 aliunde
789 884 964 951 Herodiani
986 904 1059 950 esse
1082 885 1216 964 scimus,
1250 884 1308 949 sed
1338 903 1410 949 esse
1440 885 1537 949 etiam
1560 905 1622 949 non
1646 905 1764 968 pauca,
1798 903 1881 966 quae
1903 882 2086 949 Herodiano

385 995 515 1073 propter
535 989 674 1073 ineptam
697 989 899 1070 sententiam,
926 1007 1009 1069 quae
1031 986 1198 1070 profertur,
1225 987 1440 1052 abiudicanda
1463 987 1586 1069 sunt*).

472 1091 538 1155 sac
567 1099 603 1156 ut
630 1089 672 1155 ad
698 1089 911 1174 Etymologici
933 1089 1043 1173 Magni
1072 1089 1169 1155 libros
1199 1111 1296 1156 manu
1325 1091 1459 1174 scriptos
1488 1078 1625 1154 reseram
1647 1089 1839 1169 orationem,
1873 1088 1933 1154 hoc
1955 1089 2084 1153 tacitum

384 1193 562 1274 relinquere
584 1204 812 1277 non'possum,
838 1193 926 1259 illius
949 1192 1080 1272 codicis,
1106 1210 1201 1274 quem
1225 1193 1426 1258 Gaislordius
1449 1199 1526 1256 nota
1548 1193 1585 1256 V.
1612 1192 1670 1256 Va.
1696 1191 1755 1256 Vb.
1782 1191 1964 1273 insignivit,
1991 1188 2085 1256 fidem

384 1314 423 1360 ac
444 1294 633 1377 dignitatem
655 1315 720 1361 non
742 1295 823 1363 tanti
845 1314 919 1363 esse
941 1294 1144 1361 aestimatam
1166 1315 1186 1360 a
1208 1296 1276 1362 viro
1298 1295 1494 1376 doctissimo,
1520 1295 1630 1378 quanti
1652 1295 1779 1360 meruit.
1819 1293 1869 1357 lix
1884 1293 1944 1358 boc
1963 1293 2082 1375 codice,

385 1397 440 1477 qui
462 1397 539 1463 olim
559 1398 664 1465 isaaci
687 1398 803 1481 Vossii,
830 1418 915 1464 nunc
936 1398 1149 1464 bibliothecae
1172 1399 1384 1465 Academicae
1406 1397 1555 1483 Lugduni
1577 1397 1769 1462 Batavorum
1793 1404 1851 1475 est,
1877 1396 1970 1460 onius
1992 1414 2085 1460 usum

383 1500 425 1564 ab
448 1500 587 1566 Henrico
609 1500 775 1587 Stephano
801 1509 878 1567 tunc
905 1501 1058 1585 temporis
1087 1501 1156 1566 eius
1183 1518 1371 1586 possessore
1391 1504 1565 1585 impetrare
1587 1499 1739 1581 nequibat
1759 1499 1965 1583 Sylburgins,
2000 1497 2087 1562 haud

384 1622 489 1685 pauca
516 1605 718 1687 protulerunt
743 1602 860 1670 eruditi
887 1603 1001 1668 Batavi
1030 1603 1310 1686 Hemsterhusius,
1347 1603 1598 1684 Valckenarius,
1635 1601 1863 1682 Ruhnkenius,
1900 1601 2083 1682 Piersonus,

384 1704 539 1787 Koenins,
564 1706 639 1785 alii;
668 1726 741 1772 eum
764 1725 848 1771 nnnc
871 1705 997 1790 penitus
1020 1726 1190 1771 excussum
1213 1705 1314 1771 habes
1337 1705 1505 1788 diligentia
1526 1705 1732 1789 Bergmannl,
1759 1704 1814 1786 qui
1837 1703 2012 1768 Gaisfordii
2034 1723 2087 1771 ro·

383 1815 461 1889 gata
491 1828 556 1873 non
585 1809 689 1873 solum
712 1808 867 1874 lectiones
889 1807 1035 1874 diversas
1057 1809 1099 1874 ad
1122 1828 1210 1874 oram
1232 1809 1426 1893 exemplaris
1449 1808 1657 1894 Sylbnrgiani
1680 1806 1869 1891 adscripsit,
1903 1805 1961 1871 sed
1989 1805 2087 1870 etiam

384 1908 606 1976 additamenta
627 1930 723 1993 quam
744 1910 884 1995 plurima
905 1911 1121 1995 peculiaribus
1144 1912 1263 1977 libellis
1286 1911 1377 1977 illata
1398 1911 1440 1977 ad
1455 1912 1545 1976 illum
1559 1911 1808 1992 transmisit**).
1850 1907 1937 1974 Satis
1959 1908 2088 1973 intelle-

384 2012 469 2094 gitur
490 2012 575 2078 hunc
597 2013 738 2080 codicem
760 2014 919 2096 vitiorum,
946 2010 1061 2097 quibus
1084 2014 1179 2080 ceteri
1202 2015 1275 2079 libri
1298 2014 1406 2080 affecti
1422 2021 1505 2096 sunt,
1531 2034 1650 2097 genere
1665 2014 1753 2079 nullo
1768 2032 1887 2094 carere,
1915 2009 2084 2092 sedidem,

384 2115 469 2195 quod
484 2115 526 2179 ad
540 2115 757 2183 Herodianum
772 2115 912 2199 quidem,
939 2137 1033 2200 quem
1053 2118 1156 2182 solum
1172 2118 1303 2197 contuli,
1329 2118 1453 2198 attinet,
1480 2138 1543 2182 non
1565 2137 1637 2181 raro
1660 2136 1742 2180 nnus
1764 2136 1872 2180 veram
1897 2112 2088 2198 amplissimi

383 2218 584 2298 grammatici
605 2219 774 2285 lectionem
798 2220 954 2299 servavit,
981 2220 1114 2285 lacunas
1137 2221 1294 2304 explevit,
1321 2220 1500 2286 accuratius
1522 2239 1587 2284 rem
1612 2219 1762 2303 exposuit
1788 2216 1838 2300 (cf.
1867 2217 1900 2280 in
1917 2236 1987 2299 cap.
2007 2216 2039 2280 Π
2053 2236 2085 2279 ν.

384 2316 589 2404 κεκλήγοντες.
608 2317 718 2396 Ὀδίος.
743 2323 870 2396 olardus.
896 2316 1034 2408 ὄπατρος.
1059 2324 1210 2410 πείρησαι.
1238 2323 1360 2408 πείρων.
1387 2319 1604 2406 συνημοσύνας.
1629 2319 1784 2408 τοριριιάς.
1810 2316 1963 2405 ὑψιπέτης.
1983 2315 2088 2382 ὠκυά-

384 2425 454 2499 λου;
491 2424 523 2488 in
546 2443 617 2509 cap.
644 2424 694 2489 III
715 2446 746 2490 v.
772 2421 969 2513 ἐγρήγορθαι.
1001 2422 1153 2512 κρατερός.
1188 2423 1326 2498 Κλονίος.
1360 2421 1554 2510 μεταμάζιον.
1586 2420 1786 2509 οὐδενόσωρα.
1820 2418 1952 2503 πάτος).
1998 2421 2087 2486 Haec

383 2526 499 2605 omnia,
526 2527 663 2608 quaein
686 2528 955 2594 continuationem
978 2529 1146 2594 verborum
1169 2528 1311 2612 recipere
1332 2527 1506 2606 debuerat,
1533 2526 1751 2606 Gaisfordius,
1778 2544 1898 2591 casune
1920 2524 2024 2590 dicam
2047 2544 2088 2588 aa

382 2619 543 2707 consulto,
578 2629 779 2712 subnotavit,
812 2628 898 2712 quod
928 2629 1055 2712 quidem
1084 2651 1105 2694 a
1132 2651 1183 2696 me
1212 2631 1283 2695 sine
1312 2630 1378 2696 ullo
1401 2629 1600 2696 obtrectandi
1629 2629 1735 2694 studio
1765 2628 1884 2693 dictum
1913 2634 1978 2708 est,
2012 2647 2087 2692 nam

382 2730 468 2810 quod
489 2738 563 2815 post
583 2739 736 2811 totnova
758 2732 903 2798 subsidia
925 2739 1069 2816 reperta,
1103 2740 1178 2818 post
1199 2734 1412 2813 incrementa,
1447 2752 1530 2814 quae
1558 2732 1620 2797 hoc
1646 2729 1821 2796 studiorum
1845 2749 1948 2812 genus
1971 2729 2088 2794 nostris

383 2832 577 2916 temporibus
600 2835 700 2919 cepit,
732 2835 887 2900 nonnulla
914 2836 948 2899 in
976 2835 1035 2900 viri
1065 2835 1235 2900 clarissimi
1265 2834 1407 2901 editione
1432 2854 1504 2900 esse
1526 2834 1739 2918 improbanda
1762 2833 1925 2913 videntur,
1956 2831 1989 2897 id
2012 2850 2087 2896 vero

383 2933 452 2999 eius
475 2935 626 3002 editionis
648 2938 881 3022 praestantiam
903 2939 992 3002 nullo
1015 2937 1109 3002 modo
1131 2937 1318 3002 imminuere
1340 2945 1457 3021 potest.
2023 2924 2026 2930 ‘

468 3038 586 3103 Verum
609 3039 704 3105 buius
727 3040 1004 3105 commentationis
1027 3060 1099 3104 cum
1123 3060 1163 3105 ea
1184 3041 1227 3105 sit
1248 3041 1340 3122 ratio,
1366 3060 1448 3123 quae
1472 3040 1650 3106 uberiorem
1673 3039 1919 3124 disputationem
1943 3057 2006 3102 non
2029 3035 2088 3101 ad-

382 3138 505 3220 mittat,
539 3149 572 3206 et
594 3142 763 3226 praefandi
785 3142 913 3226 negotio
935 3143 1047 3226 paucis
1070 3142 1148 3207 mibi
1171 3141 1412 3227 defungendum
1435 3143 1494 3224 sit,
1528 3142 1608 3208 baec
1635 3142 1728 3207 modo
1756 3139 1859 3206 addo:
1895 3141 2031 3225 primum
2054 3138 2087 3202 iu

384 3240 445 3307 bae
470 3241 696 3310 dissertatione
724 3244 859 3310 eandem
889 3245 1081 3329 disponendi
1111 3244 1264 3310 rationem
1295 3266 1346 3311 me
1374 3253 1519 3311 secutum
1550 3263 1638 3324 esse,
1675 3263 1770 3326 quam
1802 3244 1835 3308 in
1863 3243 1968 3327 prima
1996 3248 2087 3325 parte
2203 3285 2212 3295 -

381 3363 483 3428 supra
511 3354 757 3412 commemorata
785 3347 934 3430 adhibui,
967 3346 1084 3413 deinde
1113 3347 1251 3430 singulis
1273 3346 1484 3432 Etymologici
1506 3347 1617 3430 Magni
1647 3347 1725 3411 locis
1748 3345 1922 3411 Herodiani
1949 3345 2088 3410 admota

322 3522 325 3528 ,
381 3447 485 3513 tiones
507 3469 558 3514 me
580 3449 804 3534 adscripsisse,
830 3470 913 3532 quae
935 3450 1091 3532 quomodo
1107 3450 1319 3535 Etymologus
1341 3450 1447 3517 fontes
1465 3450 1500 3514 in
1514 3469 1606 3516 usum
1622 3469 1715 3515 suum
1731 3448 1900 3514 contulerit
1914 3447 2084 3526 illustrent,

382 3550 538 3633 denique,
564 3572 605 3617 ne
627 3551 706 3635 quid
727 3551 950 3618 dissimulasse
973 3552 1098 3632 videar,
1126 3552 1309 3634 Lehrsium,
1335 3559 1575 3636 praeceptorem
1598 3571 1704 3616 meum
1727 3552 1988 3629 dilectissimum,
2021 3550 2086 3614 iam

382 3652 505 3735 pridem
528 3655 629 3719 multa
651 3693 692 3702 -
715 3663 859 3738 quartam
884 3655 951 3722 fere
974 3662 1096 3740 partem
1119 3655 1261 3720 omnium
1283 3654 1394 3720 horum
1418 3655 1578 3734 locorum,
1604 3675 1683 3737 quos
1706 3675 1790 3720 nunc
1814 3661 1915 3719 tracto
1937 3690 1980 3700 -
2002 3671 2086 3734 quae

382 3773 424 3819 ex
438 3755 618 3822 Herodiano
633 3757 665 3821 in
681 3758 938 3842 Etymologicum
953 3757 1105 3840 Magnum
1128 3757 1333 3839 transierunt,
1359 3758 1534 3838 notavisse,
1560 3777 1643 3840 quae
1665 3759 1772 3822 omnia
1795 3779 1846 3823 me
1868 3759 1915 3822 ita
1936 3756 1969 3819 in
1993 3774 2085 3820 usum

383 3876 488 3923 meum
511 3861 707 3926 convertisse
729 3859 841 3943 fateor,
867 3865 903 3923 ut
925 3859 998 3924 huic
1020 3860 1199 3942 quaestioni
1223 3860 1312 3925 velut
1334 3861 1455 3925 lumina
1477 3869 1575 3942 atque
1599 3859 1740 3942 insignia
1763 3858 2018 3945 interposuerim.

1080 4173 1387 4183 --.-.---—-—--

1216 4479 1249 4544 Ι.

467 4647 674 4713 Transiturus
703 4647 746 4714 ad
774 4650 879 4734 ipsum
909 4651 1105 4732 quaestionis
1131 4648 1352 4733 argumentum
1382 4650 1506 4715 initium
1529 4650 1654 4733 ,faciam
1683 4648 1875 4734 apponendo
1904 4669 1960 4714 eos
1983 4651 2080 4730 locos,

382 4749 437 4814 ubi
451 4748 660 4835 Et'ymologus
683 4750 801 4818 fontem
825 4773 917 4818 suum
940 4754 1126 4818 nominavit.
1160 4749 1347 4839 Ἡρωδιανὸς
1370 4755 1401 4816 ἐν
1424 4760 1459 4839 eq
1481 4752 1595 4839 Ἰλιακῇ
1619 4752 1772 4839 προσῳδίᾳ
1794 4752 1845 4816 bis
1868 4789 1911 4799 -
1933 4758 2084 4836 utsupra

382 4851 446 4916 iam
468 4854 785 4920 commemoravimus
808 4890 850 4903 —-
871 4857 905 4920 in
927 4856 1149 4940 Etymologieo
1172 4857 1289 4939 Magno
1318 4856 1449 4936 citatur,
1482 4876 1540 4922 sex
1568 4854 1665 4935 locis,
1698 4855 1752 4936 qni
1780 4854 1921 4920 indidem
1945 4855 1977 4920 in
2001 4856 2084 4922 bunc
2154 4904 2163 4919 .

382 4953 497 5020 librum
519 4955 726 5038 transierunt,
752 4958 927 5025 Herodiani
949 4978 1065 5024 nomen
1087 4959 1282 5044 appellatur.
1330 4959 1411 5024 Sunt
1433 4967 1540 5024 autem
1563 4957 1612 5023 hi:

384 5128 631 5140 ---——-.—
638 5134 689 5140 --

487 5231 512 5294 ³)
533 5229 567 5284 cf.
590 5231 697 5285 Lantzii
717 5231 803 5298 praef.
824 5248 843 5301 p
867 5231 948 5286 CCX.

467 5314 509 5376 ”t
531 5313 567 5368 cl.
587 5315 739 5370 (iaislordii
757 5315 844 5385 praes.
865 5334 892 5386 p.
908 5323 931 5369 5.
