4844 6578
1187 667 1228 727 25

1234 892 1277 903 -
1293 857 1335 918 25
1350 892 1403 917 —.
1444 852 1494 918 καί
1517 851 1630 939 μήποτε
1646 851 1693 939 εἴη
1710 848 1925 938 πιθανώτερον.
1964 848 2061 916 πάντα

1233 954 1290 1044 γάρ
1323 955 1430 1044 δρᾶται
1457 954 1494 1022 τά
1524 957 1729 1045 παρακείμενα
1752 957 1857 1028 ἑνικῶς
1882 955 2058 1040 τεθειμένα·

1237 1064 1354 1148 ,τεῖχος
1385 1058 1570 1146 ἀμαλδύνας,
1603 1057 1754 1145 ποταμούς
1785 1056 1812 1123 δ’
1840 1058 1964 1145 ἔστρεψε
1990 1059 2058 1123 νέε-

1235 1168 1338 1229 σθαι“.

444 1255 460 1311 ¹1
483 1252 563 1305 deest
581 1251 609 1305 in
628 1250 726 1305 ναυσί.
748 1248 783 1303 A.

626 1527 665 1591 E.
690 1527 733 1590 Μ.
760 1529 834 1606 480,
861 1530 913 1590 49.
1179 1425 1232 1487 31·
1491 1527 1528 1590 1..
1554 1525 1672 1592 Herod.
1699 1524 1725 1590 N
1750 1529 1803 1589 71.

357 1644 518 1736 ,Ἴχνιον“;
543 1698 549 1712 .
571 1697 577 1710 .
600 1696 607 1710 .
629 1642 904 1733 ,προπαροξύνεται
920 1641 961 1717 ὡς
976 1641 1008 1709 τὸ
1025 1639 1181 1732 ἀράχνιον.
1238 1643 1377 1733 ,ἴχνια“;
1406 1642 1438 1711 τό
1462 1643 1557 1733 ἴχνιον
1575 1646 1895 1733 προπαροξυτονητέον,
1919 1639 2061 1728 όμοιοτό-

356 1751 391 1819 ού
414 1749 471 1840 ηάρ
495 1753 573 1816 ἐστιν
598 1745 842 1834 ὑποκοριστικόν,
875 1744 945 1814 ἀλλ’
972 1744 1030 1813 ἀπὸ
1054 1743 1183 1834 ρήματος
1236 1775 1294 1823 νως
1317 1755 1359 1836 τῷ
1382 1745 1544 1837 ἀράχνιον·
1584 1746 1619 1814 ού
1642 1745 1699 1836 γάρ
1722 1750 1800 1813 ἐστιν
1824 1742 2059 1834 ὑποκοριστικόν,

355 1852 584 1944 ἐσχημάτισται.
1235 1849 1305 1918 ἀλλ’
1326 1849 1384 1919 ἀπό
1402 1850 1533 1939 ῥήματος
1547 1849 1776 1939 ἐσχημάτισται.
1819 1847 1864 1917 ότι
1887 1851 1919 1916 δέ
1934 1847 1950 1916 ό
1966 1875 2060 1935 ποιη-

1234 1954 1290 2043 τής
1312 1954 1383 2022 ούδὲ
1406 1952 1640 2044 θποκοριστικοῖς
1662 1962 1785 2044 χρῆται,
1810 1951 2006 2041 ἐδηλώσαμεν
2029 1956 2060 2019 ἐν

1233 2059 1333 2146 rm.

1180 2269 1233 2331 32.

626 2372 664 2436 Ε.
690 2371 733 2435 Μ.
759 2372 834 2450 183,
861 2373 914 2435 43.
1482 2370 1519 2434 L.
1545 2368 1664 2435 Herod.
1691 2368 1718 2434 Α
1742 2372 1816 2433 611.

360 2495 454 2571 ,ἔνθα
477 2491 603 2559 καθεῦδ’
625 2487 769 2578 ἀναβάς“.
810 2489 874 2556 ἀντί
888 2495 941 2555 τοῦ
957 2492 1108 2575 ἐκοιμᾶτο.
1148 2486 1185 2555 τά

358 2596 416 2662 ἀπὸ
439 2593 528 2682 φύσει
551 2600 668 2682 μακρᾶς
691 2590 846 2681 ἀρχόμενα
870 2590 989 2680 ρήματα
1018 2590 1095 2657 κατά
1117 2590 1184 2666 τούς

357 2701 596 2787 παρῳχημέναυς
637 2693 764 2785 χρόνους
801 2699 833 2761 ἐν
871 2700 932 2770 τοῖς
944 2700 961 2777 ¹]
1011 2692 1181 2782 όριστικοῖς,

360 2801 463 2888 ἀπαθῆ
487 2796 571 2883 όντα,
596 2797 738 2890 φυλάττει
759 2798 809 2866 τὸν
825 2797 909 2865 τόνον
925 2802 1007 2886 ἐντῇ
1027 2800 1182 2865 συνθέσει·

1239 2489 1333 2567 ,ἔνθα
1361 2486 1487 2555 καθεῦδ’
1524 2486 1671 2575 ἀναβάς“;
1706 2486 1738 2554 τό
1762 2491 1891 2554 καθεῦδε
1914 2512 2061 2574 προπερι-

1238 2597 1357 2671 σπᾶται,
1382 2587 1427 2659 ότι
1449 2590 1485 2658 τά
1508 2590 1566 2659 ἀπὸ
1589 2589 1678 2680 φύσει
1701 2598 1815 2680 μακρᾶς
1832 2589 1986 2680 ἀρχόμενα
2003 2590 2062 2677 ’ρή-

1237 2721 1316 2780 ματα
1340 2694 1416 2761 κατά
1438 2693 1505 2770 τούς
1527 2697 1766 2783 παρῳχημένους
1789 2692 1915 2783 χρόνους
1938 2697 1969 2759 ἐν
1993 2690 2062 2781 όρι-

1239 2804 1360 2877 στικοῖς,
1387 2797 1490 2885 ἀπαθῆ
1514 2793 1598 2878 όντα,
1623 2796 1771 2886 φυλάσσει
1792 2797 1842 2865 τόν
1864 2795 1948 2864 τόνον
1971 2800 2002 2862 ἐν
2025 2804 2061 2883 τῇ

1239 2904 1386 2981 συνθέσει,
1410 2902 1492 2990 εἶχον
1509 2906 1657 2991 κατεῖχον.
1698 2898 1768 2968 ὅθεν
1785 2904 1812 2968 εί
1830 2895 1918 2979 Ι..εὗδε
1935 2899 1961 2965 δ’
1983 2899 2062 2966 ἀνα-

1238 3008 1411 3071 κλινθεῖσα“
1447 3046 1484 3054 -
1510 3010 1526 3071 δ
1550 3011 1610 3072 794
1637 3043 1688 3086 -,
1722 3009 1812 3092 δῆλον
1842 2999 1888 3070 ότι
1917 3007 2062 3071 καθεδδεν

1236 3107 1385 3194 όμοτόνιυς
1407 3107 1566 3196 ὀφείλομεν
1588 3111 1805 3197 προφέρεσθαι.

358 2906 420 2972 οἷον
445 2906 528 2994 εἶχον
552 2907 712 2992 κατεῖχον·
737 2897 806 2970 εύδε
828 2905 959 2969 καθεῦδε
977 2952 1128 2968 ......

448 3203 463 3265 'j
486 3201 565 3252 deest
583 3199 610 3252 in
629 3197 727 3252 νομοί.
749 3195 783 3250 Α.
813 3196 847 3251 cf.
869 3196 948 3251 Euat.
971 3198 1029 3260 162,
1048 3197 1089 3246 38.

1183 3370 1235 3431 σν.

630 3472 667 3538 ιο.
693 3473 736 3538 ιι.
763 3477 834 3553 535,
863 3475 915 3536 τε.

1483 3473 1520 3537 1..
1546 3469 1665 3541 Herod.
1691 3469 1718 3535 A
1743 3470 1816 3534 280.

360 3588 558 3680 ,κρατερός“;
697 3590 735 3658 τά
751 3594 793 3665 εἰς
807 3617 892 3678 τερος
907 3589 1091 3677 τρισόλλαβα
1105 3614 1184 3676 προ·
1240 3586 1439 3676 ,καρτερός“;
1468 3588 1505 3657 τά
1525 3593 1568 3665 εἰς
1583 3579 1667 3678 ἧος
1689 3587 1872 3678 τρισόλλαβα
1891 3586 2063 3676 βαρύνεται,

359 3692 553 3781 παροξύνεται
563 3702 598 3780 ¹).
638 3701 724 3761 τοῦτο
741 3695 774 3760 δὲ
789 3690 933 3775 ὀξύνεται,
953 3690 1028 3760 διότι
1043 3691 1097 3760 ούκ
1112 3694 1185 3778 ἐχέ-
1239 3692 1301 3759 οἷον
1332 3694 1491 3782 σφέτερος,
1523 3691 1682 3781 πρότερος,
1715 3691 1863 3780 κύντερος.
1910 3699 1973 3766 πῶς
1995 3685 2065 3780 οόχί

360 3823 425 3863 νετο
447 3795 467 3884 ή
489 3794 656 3884 παραγωγή
681 3795 731 3863 διά
753 3802 804 3864 τοῦ
823 3786 930 3884 ’τερ-ος,
959 3794 1037 3863 ἀλλά
1060 3795 1110 3862 διά
1133 3802 1185 3862 τοῦ
1237 3793 1377 3885 κάρτερος
1407 3795 1483 3863 κατά
1514 3800 1637 3885 βαρεῖαν
1661 3799 1802 3882 λέγομεν;
1835 3793 1881 3861 ότι
1903 3803 1988 3862 τοῦτο
2011 3793 2065 3862 ούκ

359 3888 444 3986 ερας·
484 3896 587 3985 ὀμοιόν
625 3902 687 3966 ἐστι
722 3898 773 3966 καί
809 3899 841 3966 τό
880 3896 1025 3987 βλαβερός
1061 3902 1096 3964 ἐκ
1133 3906 1184 3965 τοῦ
1237 3893 1274 3986 ήν
1296 3902 1339 3974 εἰς
1364 3888 1467 3987 τἐρο-ς,
1496 3897 1564 3966 ἀλλ’
1592 3903 1634 3974 εἰς
1657 3888 1734 3987 ερας.
1781 3898 1814 3966 τό
1837 3897 1893 3987 γάρ
1917 3888 1934 3965 τ
1955 3896 2010 3966 ούκ
2032 3902 2064 3964 ἐν

359 4001 455 4091 βλάβη
466 4007 504 4087 ².·
1236 4009 1273 4091 τῇ
1302 4009 1469 4091 παραγωγή
1500 4003 1600 4092 ἔσχεν.
1647 3997 1684 4090 ήν
1706 4000 1764 4090 γάρ
1788 4000 1845 4069 ἀπὸ
1869 4008 1920 4069 τοῦ
1943 3998 2064 4101 xp&

1236 4103 1277 4181 ὡς
1308 4105 1366 4172 ἀπό
1397 4113 1449 4174 τοῦ
1472 4103 1582 4193 βλάβος
1606 4102 1751 4193 βλαβερός
1774 4102 1809 4172 ού
1833 4105 1882 4170 διὰ
1904 4111 1956 4171 τοῦ
1979 4107 2065 4192 βερας
2159 4099 2166 4111 ’

1236 4207 1255 4295 ἡ
1278 4208 1447 4297 παραγωγή
1476 4213 1516 4294 (ἐν
1539 4207 1597 4297 χάρ
1620 4215 1663 4296 τῷ
1684 4205 1867 4296 πρωτοτύπιρ
1881 4205 1914 4273 τὸ
1931 4197 1982 4295 β),
2007 4202 2065 4275 ού-

1236 4340 1294 4388 τιυς
1321 4311 1371 4378 καί
1400 4311 1458 4379 ἀπό
1481 4319 1534 4380 τοῦ
1557 4309 1666 4400 κράτος
1688 4308 1830 4399 κρατερός
1853 4309 1903 4377 διὰ
1925 4318 1976 4378 τοῦ
1994 4300 2065 4399 ἷρ-ος

1236 4414 1255 4502 ἡ
1279 4413 1460 4505 παραχωχή,
1490 4413 1525 4482 ού
1549 4413 1600 4480 διά
1621 4421 1673 4481 τοῦ
1694 4402 1790 4503 τερος.

448 4539 460 4592 ¹,
485 4535 546 4588 cod.
567 4536 656 4589 Haun.
681 4537 742 4587 1971
763 4536 858 4590 addit:
879 4536 934 4591 οἷον
953 4538 1083 4609 σφέτερος,
1103 4537 1232 4609 πρότερος,
1253 4538 1381 4609 κύντερος.
1403 4538 1477 4607 quod
1491 4534 1677 4600 Gaisfordius‚
1699 4536 1849 4591 Herodiani
1867 4537 2066 4590 adnotamento

359 4628 534 4691 comparato.
562 4623 589 4674 in
609 4628 714 4675 textum
734 4622 855 4691 recipere
874 4623 980 4679 debuit.
1026 4623 1045 4686 ²)
1068 4622 1219 4678 Herodinni
1238 4624 1324 4679 verba
1343 4625 1371 4678 in
1390 4625 1423 4679 V.
1444 4630 1556 4679 servata
1574 4629 1652 4677 sunt:
1679 4624 1707 4675 τὸ
1726 4621 1773 4692 γὰρ
1790 4630 1805 4674 τ
1824 4622 1871 4675 οὐκ
1889 4622 1916 4674 ἐν
1933 4622 1965 4695 τῇ
1983 4640 2064 4693 παρα-

360 4709 431 4780 ηωηή
449 4710 538 4781 ἔσχεν
558 4705 614 4760 ἀλλ’
632 4709 668 4765 ὡς
686 4708 736 4760 ἀπὸ
754 4712 799 4760 τοῦ
819 4707 913 4777 βλάβος
932 4709 1062 4782 βλαβερός,
1075 4707 1164 4768 *οὕτως
1182 4709 1294 4763 ἀπὸτοῦ
1312 4710 1405 4782 κράτος
1423 4711 1553 4781 κρατερός,
1574 4712 1609 4767 ὡς
1627 4707 1717 4762 θάλλια
1736 4707 1850 4781 θολερός.
1885 4705 1920 4761 cf.
1942 4707 2062 4762 Cramer.

360 4791 464 4848 Aneed.
485 4793 508 4858 1,
529 4795 589 4857 228,
612 4796 651 4845 10.
690 4793 735 4848 Et.
755 4792 829 4848 Gud.
850 4796 909 4855 313,
931 4796 972 4846 21.

1184 4971 1236 5033 34.

630 5067 669 5131 Ε.
694 5069 738 5132 Μ.
764 5073 837 5149 521,
868 5072 917 5133 10.
1486 5073 1522 5136 Ι..
1548 5068 1668 5137 Herod.
1694 5068 1721 5134 B
1743 5074 1817 5135 495.

363 5184 547 5263 ,Κλονίος“;
579 5237 586 5250 .
609 5185 671 5251 .τά
694 5189 736 5260 εἰς
759 5174 791 5261 ο-ς
813 5185 944 5275 λήγοντα
961 5185 1126 5276 τριβράχεα
1140 5187 1188 5254 ἐπί
1240 5187 1426 5267 ,Κλονίος“;
1453 5186 1661 5276 παροξύνεται,
1685 5188 1749 5255 ἐπεί
1771 5187 1808 5254 τά
1828 5191 1870 5263 εἰς
1886 5176 1918 5263 o}
1936 5186 2066 5275 λήγοντα

362 5290 473 5375 κυρίων
505 5286 716 5376 παροξύνεται·
763 5290 826 5356 οἷον
860 5292 1004 5379 Σχεδίος,
1042 5291 1187 5379 Χρομίος,
1239 5299 1304 5381 τῷῑ
1319 5291 1568 5380 παραληχύμενα,
1585 5290 1762 5380 τριβράχεα,
1778 5289 1825 5357 ἐπί
1840 5293 1950 5379 κυρίιυν
1965 5316 2066 5379 παρο-

1603 5400 1610 5409 ’
1844 5397 1860 5449 4
