4950 6578
1024 685 1063 746 21

458 976 497 1040 ιι.
523 976 565 1041 ιι.
593 978 667 1058 ιιι,
693 977 747 1040 75.
1012 875 1068 937 ’ω’
1313 973 1352 1037 L.
1377 969 1496 1037 Herod.
1522 968 1551 1035 λ
1574 971 1649 1035 ιω.

197 1098 265 1177 „tva
287 1097 404 1180 εἴὸομεν
426 1089 538 1182 άμφω(ι
564 1134 601 1145 -
627 1094 655 1160 Α
675 1097 737 1160 363
762 1130 801 1143 -
827 1143 834 1158 .
856 1143 863 1158 .
884 1090 929 1159 ,ὸ
957 1093 1012 1178 [δὲ]
1070 1092 1229 1179 ςιῖὸομενίί
1241 1117 1247 1156 :
1266 1085 1705 1180 προπαροξόνεταιτὸεῖὸομεν,
1723 1087 1781 1154 ἀπὸ
1797 1090 1895 1175 βαρυ-

195 1198 320 1286 συοτολὴ
343 1197 476 1265 ἀνέδωκε
498 1197 548 1265 τὸν
563 1196 660 1266 τόνον.
699 1195 736 1266 οό
750 1196 807 1286 γάρ
822 1192 1017 1284 παροξύνεται
1068 1195 1156 1264 τόνου
1177 1202 1229 1262 τοῦ
1251 1193 1335 1262 εἴδω.
1381 1192 1417 1262 οό
1441 1197 1545 1279 θαῦμα
1567 1193 1620 1273 δέ,
1644 1194 1673 1258 εί
1694 1189 1727 1259 τὸ
1750 1189 1822 1259 αὐτὸ
1845 1188 1896 1257 καί

193 1301 269 1369 κατὰ
289 1301 339 1371 τὸν
364 1300 535 1391 Πάμφιλον.
1070 1294 1114 1375 οἷς
1142 1295 1304 1387 βαρότονον
1332 1297 1385 1364 καί
1413 1294 1455 1372 ὡς
1476 1287 1701 1385 περισπώμενον
1723 1295 1827 1364 κλίνει.
1875 1290 1894 1381 ἢ

1067 1398 1116 1470 ότι
1137 1400 1210 1471 ἀνθ’
1234 1392 1430 1471 ὸποτακτικοὸ
1453 1403 1527 1483 ἐστι,
1552 1399 1603 1468 καί
1625 1395 1645 1487 ἡ
1669 1396 1796 1486 συστολὴ
1819 1396 1895 1466 α’νί-

1070 1511 1148 1573 ὸωκε
1169 1505 1220 1574 τὸν
1242 1504 1344 1574 τόνον·
1384 1503 1420 1573 οὸ
1442 1503 1500 1593 γὰρ
1522 1500 1724 1592 παροξύνομεν
1747 1501 1824 1570 κατὰ
1845 1500 1895 1569 τὸν

1070 1606 1241 1698 Πάμφιλον.

277 1715 313 1772 εἰ.
334 1715 558 1774 ὒλοοτοθοεοιιω
577 1716 605 1770 in
623 1713 763 1771 Τίιοοὸυιι.
784 1716 844 1778 797,
864 1715 906 1767 31.

470 1989 509 2056 υ.
533 1989 577 2054 ιι.
602 1991 676 2072 τοι,
704 1992 734 2054 7.
1016 1889 1068 1951 Μ’
1321 1989 1359 2053 ι.
1384 1986 1503 2054 Herod.
1529 1987 1541 2052 7
1563 1991 1638 2051 ιιο.

194 2105 387 2196 ηείνάνυχεςί*
414 2158 449 2172 ..
472 2159 478 2173 .
500 2105 574 2183 ,πὸς
597 2106 785 2197 μονοίνυχες·
816 2102 874 2173 ἀπὸ
897 2105 1017 2182 εὸθείας
1040 2086 1048 2097 ’
1071 2105 1265 2195 ..εἰνάνυχεςίί
1290 2105 1331 2181 ὡς
1354 2103 1538 2194 μονόνυχες,
1562 2103 1616 2171 ἀπ’
1642 2102 1761 2179 εὐθείας
1777 2111 1829 2190 τῆς
1844 2107 1893 2170 εί-

191 2217 243 2298 τῆτ
266 2207 406 2284 είνόνυξ.
426 2261 433 2277 .
456 2263 463 2276 .
1068 2207 1167 2285 νάνοξ.

1017 2404 1067 2465 17.

457 2502 497 2569 Ε.
521 2503 566 2569 Μ.
591 2506 665 2584 304,
697 2506 744 2568 12.
1313 2502 1350 2566 L.
1375 2501 1493 2567 Herod.
1521 2500 1547 2566 [l
1573 2504 1647 2564 542.

192 2623 349 2710 ,,είρυτο“;
386 2621 578 2711 Ἀρίσταρχος
607 2618 880 2710 προπαροξυτόνως.
938 2619 1016 2689 πάνυ
1071 2620 1220 2708 ςεῖρυτο“.
1266 2619 1456 2708 Ἀρίσταρχος
1488 2620 1588 2707 τρίτην
1622 2617 1679 2685 άπὸ
1710 2622 1812 2694 τέλους
1841 2619 1894 2706 τὴν

190 2725 247 2815 ρὸιρ
271 2724 381 2814 ὑγιῶς,
407 2723 448 2800 ὡς
470 2723 503 2791 τὸ
526 2721 703 2811 ἴξεόρνυτο,
728 2720 821 2800 οθτως
844 2723 894 2790 καί
916 2731 1014 2792 τοῦτο.
1068 2723 1165 2799 όξεῖαν
1187 2728 1279 2805 ποιεῖ,
1303 2721 1395 2810 ὸγιῶς
1416 2720 1505 2789 πάνυ.
1544 2721 1611 2791 ὸὸὲ
1627 2723 1799 2812 Τυραννίων
1815 2750 1894 2811 προ-
1918 2715 1921 2721 ’

190 2828 207 2896 ὸ
231 2831 332 2916 μέντοι
346 2829 518 2918 Τυραννίων
535 2834 735 2917 προπεριοπῗρ,
760 2826 820 2895 ἀπὸ
842 2835 894 2895 τοῦ
916 2827 1017 2917 εἴρυμι
1068 2836 1216 2917 περισπᾷ,
1240 2831 1276 2895 ἐκ
1296 2834 1349 2895 τοῦ
1372 2823 1486 2915 είρόιτο
1508 2823 1632 2914 φάσκων
1656 2824 1727 2894 αὐτὸ
1750 2831 1894 2914 συνηλεῖ-

190 2936 298 3020 είρῠτο.
349 2929 477 3007 Ἰλιάδος
508 2928 537 2998 θ’
569 2929 665 3020 ..ἀνὴρ
695 2928 724 2996 δ’
757 2925 822 2999 οἴτι
850 2930 919 3007 Διὸς
948 2930 1016 2999 νόον
1068 2936 1156 3021 φθαι.
1198 2929 1323 2999 ὸόναται
1345 2928 1434 2999 δὲτὸ
1457 2928 1555 3020 εἴρυτο
1576 2931 1680 2999 κλιθῖν
1704 2928 1762 2997 άπὸ
1777 2937 1836 2997 τῶν
1851 2933 1893 3006 είς

192 3034 361 3123 είρόσαιτο“
388 3074 425 3085 -
453 3038 513 3101 143
536 3073 573 3084 -
603 3087 726 3101 .....
730 3074 754 3102 ι.
1069 3023 1103 3121 ’μί
1131 3032 1242 3123 ὸμοίως
1271 3041 1314 3124 τῷ
1335 3031 1510 3121 ἐξιόγνυτο,
1541 3027 1651 3121 ἤνυτο,
1686 3037 1787 3115 ,θοῶς
1810 3036 1843 3101 ab
1866 3038 1894 3101 οί

305 3172 308 3176 “
1067 3131 1157 3225 ἤνυτο
1180 3138 1287 3228 ἴργονί*
1311 3176 1353 3189 -
1376 3165 1391 3204 ε
1414 3140 1477 3203 243
1500 3176 1541 3187 -
1564 3135 1754 3205 ἐκτετάσθαι.
1801 3133 1893 3214 οθτως

940 3304 947 3319 ,
1067 3240 1205 3329 άξιοῦμεν
1227 3240 1278 3308 καί
1300 3240 1348 3308 ἐπί
1368 3247 1422 3309 τοῦ
1444 3238 1542 3309 εἴλυτο
1567 3279 1608 3292 -
1631 3241 1664 3307 M
1688 3245 1815 3308 286-
1842 3241 1893 3308 καί
1930 3269 1932 3274 ’

1067 3345 1165 3434 εἴρυτο
1190 3384 1228 3396 -
1252 3346 1276 3411 Δ
1303 3347 1362 3411 138
1388 3384 1438 3410 -.
1761 3382 1766 3388 ·

457 3638 496 3702 υ.
521 3637 565 3703 ιι.
591 3592 665 3719 377,
692 3641 744 3703 ιι.
1015 3535 1065 3602 ¹⁸⁸
1321 3638 1359 3704 ι..
1385 3637 1505 3706 Herod.
1530 3637 1558 3703 A
1581 3642 1634 3704 85.

310 3759 394 3839 ἑλθί,
419 3759 495 3838 είπί,
520 3753 605 3846 εὸρέ·
630 3757 699 3844 τρία
714 3757 772 3823 εἰσί
788 3760 1016 3844 σεσημειωμένα
1070 3759 1192 3839 „abab
1225 3759 1293 3846 τρία
1322 3756 1380 3824 εἰσί
1408 3755 1446 3825 τὸ
1473 3759 1505 3824 ἴν
1534 3763 1571 3846 τῇ
1602 3765 1687 3846 κοινῇ
1716 3755 1889 3843 όξυνόμενα,

190 3856 416 3945 ὸξυτονοόμενα,
441 3859 493 3927 καί
515 3859 587 3936 ἴσως
597 3863 616 3944 ¹}
647 3856 688 3934 ὡς
711 3865 812 3947 μακρᾷ
834 3858 1015 3948 παραληγό-
1067 3863 1151 3942 ἐλθέ,
1176 3858 1258 3949 εὸρί,
1283 3863 1366 3928 είπί·
1394 3863 1507 3948 ίὸίωςθ
1535 3862 1569 3929 δὲ
1591 3860 1642 3929 καί
1664 3868 1765 3950 μακρᾷ
1786 3885 1891 3949 παρα-

191 3988 266 4050 μενα
285 4014 406 4031 .....
1066 3962 1207 4053 λήγοντα.
1250 3962 1375 4033 Ἀττικοί
1403 3965 1437 4033 δὲ
1462 3964 1513 4032 καί
1534 3965 1584 4032 ἴπῖ
1604 3972 1664 4032 τῶν
1688 3969 1891 4056 βραχυπαρα-

1066 4069 1184 4156 λήκτων
1206 4065 1342 4142 όξόνουσι
1363 4066 1395 4136 τὸ
1420 4070 1465 4135 ίὸί
1486 4067 1539 4135 καί
1560 4071 1647 4157 λαβέ.

277 4190 294 4253 ¹)
314 4203 386 4243 corr.
407 4185 476 4248 ίὸίσς
495 4190 527 4242 ut
543 4185 572 4240 in
592 4185 689 4244 venet.
709 4184 745 4241 A.

455 4460 494 4525 υ.
519 4461 564 4527 ιι.
589 4462 663 4541 ειν,
694 4465 742 4525 ιο.
1015 4363 1065 4424 19'
1313 4464 1351 4529 ι.
1376 4462 1494 4532 Herod.
1520 4464 1546 4529 ιι
1569 4467 1643 4532 388.

191 4581 345 4662 ςῖνισπεςίί
373 4577 515 4647 ....τὸ
532 4581 633 4665 μέντοι
646 4582 858 4669 προστακτικὸν
880 4579 1013 4671 παροξό-
1068 4581 1241 4662 ςῖνισπες“;
1272 4579 1313 4658 ιὸς
1334 4583 1475 4672 ἔδραμες.
1521 4583 1585 4651 ἴστι
1605 4582 1664 4673 γὸρ
1686 4582 1834 4674 ὸριστικὸν
1856 4589 1891 4653 ίκ

188 4709 283 4782 νεται,
306 4683 435 4762 ἐνίσπες,
459 4680 500 4758 ὡς
522 4684 659 4773 λπίσχες,
679 4685 791 4760 ἐπίθες.
830 4682 863 4751 τὸ
886 4685 920 4753 δῖ
942 4678 1014 4754 άνευ
1065 4691 1117 4753 τοῦ
1132 4679 1252 4773 ἦνισπες
1266 4685 1320 4773 τὸν
1337 4680 1490 4776 ἄρχουσαν
1507 4688 1721 4770 συστείλαντος.
1759 4686 1793 4755 τὸ
1815 4691 1890 4776 μίν-

188 4792 240 4852 τοῦ
259 4783 504 4875 σπροστακτικὸν
519 4782 787 4876 προπαροξότονον,
803 4789 916 4871 ίνισπε,
934 4787 1012 4857 άκο-
1066 4816 1113 4856 τοι
1132 4787 1346 4877 προστακτικὸν
1368 4789 1424 4879 πρὸ
1446 4792 1550 4866 τέλους
1564 4791 1631 4880 ἔχει
1644 4790 1697 4880 τὴν
1713 4789 1810 4867 ὀξεῖαν
1836 4791 1891 4874 ,,σὸ

189 4892 294 4957 λουθεῖ
315 4896 358 4980 τῷ
380 4886 536 4978 ὸριοτικῷ·
773 4942 777 4953 .
1067 4889 1096 4957 δ’
1115 4890 1229 4979 άληθὸς
1244 4895 1379 4970 ὸνίσπες“
1407 4932 1443 4942 -
1461 4920 1479 4981 ρ
1496 4898 1556 4960 247
1575 4933 1612 4945 -
1639 4893 1748 4983 ὸμοίως
1763 4903 1806 4985 τῷ
1821 4898 1890 4963 ἐπί-

1068 5021 1150 5085 σχες.
1197 4995 1247 5063 καί
1276 5002 1367 5085 δῆλον
1397 4992 1444 5064 ὸτι
1471 4992 1545 5065 ὅπου
1576 4999 1629 5084 μὲν
1658 4999 1691 5067 τὸ
1715 5017 1725 5066 ῑ
1748 4999 1810 5066 ἴστί
1838 5007 1890 5088 τῆς

1064 5101 1254 5202 προθίσιως,
1285 5097 1361 5169 ὸπου
1391 5102 1424 5169 ὸί
1451 5107 1503 5170 τοῦ
1531 5099 1673 5190 ῥήματος.
1726 5102 1760 5170 τὸ
1791 5106 1891 5191 μέντοι

1065 5196 1136 5271 άνευ
1158 5210 1244 5272 τοῦσ
1265 5202 1479 5295 προστακτικὸν
1501 5204 1764 5296 προπαροξόνεται.
1811 5209 1891 5294 λέγω

1065 5307 1099 5377 ὸὸ
1120 5306 1155 5377 τὸ
1177 5311 1340 5398 ς,νημερτίς
1363 5335 1415 5396 μοι
1436 5311 1556 5378 ἔννεπέ·
1582 5348 1621 5362 -·
1644 5315 1663 5378 ὸ
1685 5315 1747 5378 642
1771 5346 1841 5386 -.-
