4950 6578
1216 675 1257 747 θ’]

382 874 441 959 φοδ
463 865 537 954 πρὸς
557 862 755 953 πρεσβύτερον
779 861 829 929 καί
850 859 1047 948 παλαιότερον
1066 858 1144 927 κατά
1158 886 1207 926 τι-
1261 857 1413 949 σεβασμὸν
1434 857 1658 947 προσφώνησις.
1698 855 1752 924 οὐκ
1776 855 1876 945 άγνοῶ
1899 858 1933 924 δέ
1948 855 1993 925 ότι
2011 888 2086 948 συγ-

384 969 442 1057 μήν
469 1019 618 1035 .....
642 968 753 1056 γίνεται
783 966 817 1035 δέ
844 963 928 1053 παρὰ
956 963 989 1031 τὸ
1012 960 1081 1039 θεός
1103 966 1204 1038 θέϊος’
1259 967 1359 1051 χεῖται
1381 965 1412 1028 έν
1434 965 1496 1036 τοῖς
1519 957 1588 1048 μεθ’
1606 957 1752 1048 Ὅμηρον.

382 1071 433 1138 καί
457 1074 624 1159 συναιρέσει
645 1075 734 1137 τοδε
755 1068 806 1135 καί
821 1057 838 1135 ἶ
855 1072 897 1142 εἰς
919 1064 972 1155 την
995 1056 1027 1134 ᾗ
1045 1068 1207 1157 δίφθογγον

382 1178 475 1248 θεῖος.
522 1171 572 1239 καί
592 1177 776 1260 πλεονασμῷ
797 1175 849 1238 τυῦ
870 1176 891 1258 ἡ
913 1168 1042 1258 ἠθεῖος.
1064 1221 1072 1236 .
1093 1220 1100 1235 .
1122 1221 1128 1235 .

468 1293 504 1348 σι’.
525 1296 618 1365 Etym.
633 1293 706 1349 Gud.
722 1295 782 1357 238,
797 1295 837 1344 30.
864 1291 957 1347 Orion.
974 1293 1017 1354 68,
1034 1292 1074 1342 18.
1113 1289 1266 1367 Sequentia
1278 1291 1315 1349 ,ἐκ
1332 1297 1383 1342 τῶν
1401 1283 1559 1362 Ἠρωδιυνοῦ
1577 1289 1635 1359 περὶ
1653 1287 1743 1344 παθῶν
1762 1289 1789 1342 in
1808 1287 1841 1342 E.
1862 1288 1897 1341 Μ.
1919 1291 2088 1347 transierunt

380 1398 406 1434 v.
428 1380 575 1435 Lentzium
595 1378 631 1444 11,
653 1382 712 1446 171,
732 1381 774 1433 20.

651 1602 691 1666 Ε.
717 1601 760 1666 ιι.
786 1604 860 1683 ιω,
887 1603 941 1663 ιι.
1208 1517 1261 1577 Ἀ
1508 1598 1546 1673 ι.
1571 1597 1691 1665 Herod.
1716 1597 1741 1662 Θ
1765 1601 1839 1662 527.

383 1773 391 1788 .
420 1773 427 1788 .
456 1773 463 1786 .
491 1773 499 1787 .
524 1720 575 1787 καὶ
597 1719 654 1808 γὰρ
677 1718 693 1787 ό
715 1718 841 1806 ποιητὴς
863 1718 935 1791 ἔθος
963 1718 1030 1805 ἔχει
1055 1713 1109 1791 τὰς
1137 1742 1210 1784 συν·
1264 1712 1596 1804 ,κηρεσσιφορήτους“;
1634 1718 1782 1791 συνθέτως
1817 1713 1933 1804 ἀνέγνω
1962 1715 1978 1782 ‘o
2004 1714 2086 1803 Ἀρί-
2115 1712 2121 1729 ’

381 1825 486 1898 θέτους
509 1826 601 1897 λέξεις
624 1821 757 1889 διαλύειν
768 1825 805 1906 ¹),
837 1820 900 1887 οἷον
922 1816 1207 1908 κηρεσσιφορήτους,
1263 1844 1392 1907 σταρχος
1413 1817 1464 1897 καί
1486 1823 1514 1884 οἱ
1535 1821 1668 1893 πλείους.
1714 1819 1786 1895 ἴσως
1815 1820 1849 1885 δέ
1877 1818 1941 1885 ἐπεὶ
1962 1816 2088 1887 ἀναλύει
2158 1898 2168 1911 ..

382 1920 436 1999 υύς
457 1930 547 2013 κῆρες
569 1926 724 2014 φορέουσι.
1263 1919 1335 1988 αύτὸ
1367 1914 1438 2001 ,οθς
1466 1925 1555 2009 κῆρες
1584 1925 1775 2011 φορέουσιν“.
1822 1923 1892 1996 ἔθος
1921 1921 1978 2009 γὰρ
2005 1921 2088 2010 αύτῷ

1257 2023 1402 2099 πολλάκις
1429 2023 1466 2091 τά
1495 2023 1624 2091 σύνθετα
1655 2022 1795 2092 ἀναλύειν
1810 2031 1843 2112 ¹).
1891 2022 2032 2093 ούδέποτε
2054 2027 2088 2092 δέ

1259 2125 1362 2214 δοτικὴ
1396 2130 1614 2215 ἐπεκτεταρένη
1648 2127 1718 2195 κατ’
1756 2124 1853 2216 ἀρχὴν
1888 2132 2086 2209 συντέθειται,

1259 2231 1322 2297 οἷον
1351 2236 1426 2298 πᾶσι
1456 2229 1506 2297 καί
1533 2227 1737 2297 πάντεσσι-
1768 2234 1978 2317 πασιμέλουσα
2001 2273 2042 2282 -
2067 2261 2088 2319 μ

1260 2339 1300 2399 70
1333 2374 1390 2415 -,
1422 2329 1490 2420 οόχί
1516 2330 1598 2420 παρά
1628 2330 1682 2421 τὴν
1712 2333 1855 2402 πάντεσσι
1885 2332 1903 2400 ά
1936 2333 2084 2410 σύνθεσις.

1261 2434 1442 2556 Ναυσικάρ,
1479 2436 1667 2517 Ναυσίθοος,
1703 2437 1921 2524 ἐγχεσίμωροι,
1952 2463 2088 2527 τειχεσι-

1258 2537 1384 2627 πλητης.
1425 2536 1492 2605 κατ’
1519 2535 1616 2627 ἀρχὴν
1640 2539 1673 2604 δέ
1695 2542 1871 2626 προσέθηκα
1894 2537 1945 2606 διὰ
1962 2539 1996 2607 τό
2009 2538 2083 2628 παρ’

1257 2640 1438 2731 Ἐπιχάρμῳ
1467 2639 1545 2708 κατά
1576 2644 1661 2715 τέλος
1698 2644 1924 2728 συντεθειμένον
1960 2670 2088 2730 ,γυναι-

1258 2743 1418 2833 κάνδρεσσι
1439 2747 1607 2811 ποθεινοί“.
1657 2743 1739 2837 εἴπερ
1768 2739 1820 2812 ούν
1842 2751 1929 2812 τοῦτο
1960 2744 2085 2833 άληθές,

1259 2852 1350 2935 δῆλον
1379 2844 1425 2915 ότι
1453 2848 1625 2937 παράλογον
1654 2844 1688 2914 τδ
1716 2846 1988 2936 κηρεσσιφορήτους
2010 2849 2087 2917 κατά

1260 2949 1398 3018 σύνθεσιν
1423 2949 1633 3039 άναγνωσθέν·
1669 2947 1739 3016 ἀλλ’
1771 2946 1853 3037 ’όμως
1882 2951 2086 3040 ἐπεκράτησεν

1258 3051 1530 3142 ἡἈριστάρχειος,
1561 3050 1602 3119 δι’
1626 3047 1661 3119 δν
1685 3053 1805 3140 εἴπομεν
1829 3052 1929 3140 λόγον.

471 3180 488 3241 ¹)
508 3193 579 3236 οοττ.
599 3180 676 3233 utin
695 3177 796 3232 venet.
817 3174 852 3229 Α.
874 3175 1000 3229 ἀναλύειν.
1038 3175 1189 3231 neroniani
1207 3176 1433 3230 adnotamentum
1452 3174 1564 3229 transiit
1582 3174 1667 3229 etiam
1686 3175 1713 3228 in
1732 3174 1812 3228 Eunt.
1835 3177 1894 3240 727,
1915 3179 1956 3229 ⁴5.

1207 3349 1261 3412 22.

651 3434 690 3500 υ.
715 3435 759 3501 ιι.
786 3433 859 3518 τοι,
888 3438 939 3499 15.
1525 3432 1563 3505 υ.
1589 3430 1708 3508 Herod.
1734 3432 1745 3497 1
1769 3437 1822 3501 ιο.

385 3552 581 3641 ,δτοδεὶίη“;
613 3551 739 3629 Ἰλιάδος
763 3551 781 3620 ι’
805 3591 848 3602 -
870 3555 912 3619 73
934 3591 978 3600 -
1007 3554 1149 3638 σημαίνει
1176 3548 1210 3618 τδ
1263 3550 1457 3638 ,ὑποδεξείη“
1482 3549 1523 3626 ὡς
1543 3548 1671 3639 Ἀργείη,
1695 3548 1728 3618 τὸ
1751 3554 1784 3618 δέ
1805 3549 1972 3620 ἀκόλουθον
1988 3549 2087 3643 ὤφει-

384 3655 600 3743 ύποδέχεσθαι.
647 3654 689 3731 ὡς
715 3653 799 3744 παρὰ
819 3653 853 3722 τὸ
876 3652 1033 3742 άνόρεκτυς
1056 3651 1207 3743 άνοριξία,
1261 3658 1311 3720 λεν
1334 3655 1413 3720 εἶναι
1434 3651 1532 3720 κοινὸν
1556 3654 1695 3728 δποδεξία
1719 3654 1759 3730 ὡς
1781 3655 1864 3744 παρά
1881 3654 1914 3722 τὸ
1930 3654 2087 3745 άνόρεκτος

336 3792 339 3799 ’
384 3753 478 3832 οὕτως
505 3756 664 3832 θπόδεκτος
693 3758 844 3832 ύποδεξία.
891 3759 981 3825 ἕνεκα
1011 3760 1120 3842 μέτρου
1142 3760 1209 3830 ἐξέ-
1263 3755 1408 3844 άνορεξία.
1447 3763 1542 3824 ταῦτα
1565 3762 1596 3824 έν
1618 3785 1655 3845 τη
1677 3760 1848 3846 προσῳδίᾳ·
1872 3762 1904 3824 έν
1928 3762 2086 3850 μέντοιτῇ

384 3885 461 3926 τεινε
483 3858 517 3924 τὸ
540 3878 562 3925 i.
1262 3853 1396 3926 καθόλου
1412 3855 1522 3935 οὕτως·
1549 3861 1651 3940 ,πᾶσά
1666 3862 1713 3926 τοί
1727 3857 1795 3927 ἐσθ’
1815 3861 1985 3949 ἱνποδεξίη“.
2018 3867 2088 3930 ένε-

1262 3989 1301 4029 κα
1324 3966 1431 4050 μέτρου
1453 3964 1572 4031 ἔκτασιν
1596 3964 1693 4029 ἔπαθε
1714 3969 1767 4030 τοῦ
1790 3982 1812 4031 ῐ.
1858 3963 1965 4052 ἀγνοίᾳ
1988 3969 2087 4052 μέντοι

1260 4062 1420 4155 τάκριβοῦς
1443 4064 1493 4133 διά
1515 4071 1568 4153 τῆς
1587 4055 1796 4154 ε-ιδιφθόγγου
1810 4063 1864 4153 την
1879 4067 1997 4156 γραφὴν
2013 4096 2087 4135 ποι-

1260 4172 1380 4249 οὖνται,
1411 4168 1460 4235 καί
1483 4163 1576 4244 ούτως
1598 4170 1663 4258 ἔχει
1686 4168 1787 4255 ἡτῶν
1812 4167 2000 4258 ἀντιγράφων
2023 4199 2088 4239 πα·

1262 4268 1395 4359 ράδοσις.

471 4355 508 4410 cf.
527 4356 606 4413 Euat.
628 4359 686 4418 736,
706 4361 749 4411 55.

1208 4499 1262 4563 23.

654 4580 692 4645 Ε.
717 4580 761 4646 ιι.
787 4581 861 4662 534,
890 4584 940 4645 ιι.

388 4697 598 4786 ,Κουρῆτες“;
624 4703 860 4787 προπερισπδιται
882 4696 929 4764 έπί
950 4704 1003 4766 τοῦ
1017 4700 1124 4774 έθνους
1142 4752 1149 4767 .
1170 4752 1177 4766 .
1199 4752 1207 4766 .

386 4799 512 4867 ἐπὶτῶν
536 4806 611 4867 νεῶν
634 4803 667 4867 δέ
688 4799 942 4890 προπαροξύνεται
949 4852 959 4881 ,
989 4800 1030 4876 ὡς
1055 4801 1089 4870 τὸ
1113 4800 1210 4883 ,κού-

387 4928 472 4989 ρητες
491 4902 642 4993 Ἀχαιῶν“
668 4943 704 4953 -
731 4904 755 4970 Τ
778 4909 841 4971 248
868 4941 919 4970 -.

469 5296 505 5352 cf.
525 5298 605 5354 Eunt.
627 5302 703 5365 1179,
724 5303 767 5354 21.

1515 4585 1552 4649 L.
1579 4584 1696 4650 Herod.
1723 4584 1830 4650 1529.

1263 4700 1472 4788 ,Κουρῆτεςίέε
1494 4697 1588 4776 οὕτως
1603 4699 1781 4792 ἀνεγνώσθη
1799 4702 1840 4779 ὡς
1857 4700 1996 4792 άβλήτες,
2013 4701 2086 4792 πρὸς

1262 4803 1421 4891 διαστολὴν
1436 4809 1488 4870 τοδ
1513 4801 1674 4891 ,κούρητες
1687 4803 1837 4894 Ἀχαιῶν“
1858 4847 1892 4856 -
1911 4807 1935 4873 Τ
1951 4812 2013 4872 248
2031 4847 2083 4873 -.

1262 4902 1317 4972 οόκ
1339 4909 1432 4995 ἐχρῆν
1456 4909 1500 4988 δέ,
1525 4905 1632 4974 καθότι
1647 4904 1683 4975 ού
1698 4912 1781 4998 φιλεῖ
1794 4908 1831 4976 τὰ
1847 4911 1889 4984 εἰς
1904 4899 1940 4997 ης
1957 4909 2086 4999 λήγοντα

1260 5007 1366 5076 έθνικά
1382 5007 1455 5096 ὑπὲρ
1472 5011 1540 5096 μίαν
1557 5009 1711 5100 συλλαβὴν
1728 5008 1896 5086 ὀξύνεσθαι.
1930 5015 2086 5102 ἐλέγχεται

1260 5113 1294 5178 δέ
1316 5111 1366 5179 καί
1387 5109 1407 5199 ἡ
1431 5113 1526 5187 κλίσις
1547 5119 1600 5180 τοῦ
1623 5113 1776 5202 Κουρῆτες
1799 5119 1830 5182 έν
1853 5121 1889 5205 τῇ
1912 5117 2008 5182 κλίσει
2027 5121 2085 5183 τῶν

1259 5212 1424 5303 ὀνομάτων.
