4950 6578
988 639 1029 701 33

157 839 194 908 τά
219 836 269 906 διὰ
291 843 344 904 τοῦ
367 862 441 901 ισκω
468 833 589 899 θέλει”
572 857 653 920 εχειν
675 827 733 918 πρὸ
717 826 911 904 οτέλους
880 855 934 915 την
956 856 985 896 ει
1035 819 1247 909 τετύιμένως’
1232 817 1430 910 ἀναγινώσκει
1457 817 1540 908 παρὰ
1569 843 1601 883 το
1624 815 1714 882 εἴσκω
1737 812 1863 888 ἐκδεξά-

160 945 344 1031 δίφθογγον,
373 939 484 1025 γίνεται
511 932 590 1001 κατὰ
618 935 764 1023 διαίρεσιν
792 933 901 1015 ἐΐσκω,
933 931 985 999 καί
1037 952 1134 1014 μενος.
1182 920 1350 1012 ἀμεινονδ
1334 922 1408 1010 δέὴ
1431 927 1484 988 τοῦ
1507 915 1735 1006 Ιίτολεμαίου’
1719 915 1862 1005 ανάγνω-

162 1045 299 1132 ἀποβολῇ
321 1044 422 1122 τοδὲ,
455 1039 547 1106 ἴσκω·
592 1034 832 1112 ’ίλιάδοςλ-
855 1040 981 1103 799-
1036 1056 1092 1104 σις
1131 1027 1188 1118 πρὸ
1210 1025 1268 1116 γὰρ
1290 1032 1342 1113 τῆς
1365 970 1415 1092 διά
1436 1030 1489 1092 τού
1505 1052 1567 1090 σκω
1582 1026 1765 1111 παραγωγῆς
1781 1018 1863 1087 σπά-

164 1148 218 1229 ,αἷ
245 1149 278 1212 κέ
306 1172 339 1211 σε
368 1149 411 1231 τῷ
440 1143 573 1218 ἴσκοντες
600 1139 794 1230 ἀπόσχωνται
817 1142 982 1227 πολέμοιο“
1037 1133 1097 1199 νιόν
1120 1135 1184 1198 ἔστι
1207 1132 1368 1219 δίφθογγον
1391 1126 1573 1251 εβρεθῆναι,
1598 1122 1644 1194 ότι
1666 1123 1707 1296 μὴ
1731 1122 1784 1212 τὴν
1808 1150 1858 1191 αυ.

162 1249 225 1317 ἀντί
246 1253 298 1315 τοῦ
319 1247 502 1336 ὁμοιοῦντας.
1036 1232 1131 1324 ταύτγγ
1147 1230 1199 1302 οὖν
1223 1261 1274 1322 μοι
1297 1229 1417 1299 δοκεῖ
1401 1229 1459 1298 απὸ
1480 1235 1533 1297 του
1556 1229 1680 1296 εἴδωί
1651 1255 1729 1296 εναι
1751 1227 1861 1315 όμέλ-

1038 1338 1150 1404 λων”
1121 1365 1203 1405 εισω.
1251 1330 1345 1403 καίο
1327 1362 1392 1459 αμα
1421 1340 1456 1423 τῇ
1481 1337 1636 1401 έπενθέσει
1656 1338 1709 1400 τοῦ
1731 1360 1749 1398 κ
1771 1332 1862 1397 ἐΐσκω

1037 1443 1220 1530 γεγενῆσθαι
1234 1437 1311 1506 κατά
1325 1437 1378 1525 τὴν
1395 1438 1591 1526 διαίρεσινβ
1580 1462 1627 1503 ινα
1643 1463 1683 1522 μη
1670 1433 1863 1561 δίφθογγρς

1036 1547 1179 1632 γένηται,
1209 1541 1259 1609 καί
1289 1540 1425 1630 ἀποβολῇ
1447 1545 1500 1607 τοῦ
1523 1547 1539 1606 ἰ
1561 1539 1646 1606 ἴσκω.
1694 1532 1788 1613 ούτως
1810 1531 1863 1604 ούν

1037 1642 1141 1714 καὶτὸ
1164 1645 1295 1720 ἴσκοντες
1316 1642 1476 1734 ὀφείλομεν
1499 1641 1576 1710 κατὰ
1599 1639 1750 1730 ἀποβολὴν
1773 1645 1824 1707 τοῦ
1848 1647 1862 1706 ἔ

1037 1747 1270 1837 ἀναγινώσκειν·
1296 1747 1331 1817 ού
1352 1746 1411 1836 γὰρ
1434 1750 1540 1835 μέτρον
1563 1744 1684 1812 κωλύει.

430 2007 469 2071 Ε.
494 2006 538 2070 ιι.
564 2008 637 2088 ιιι,
669 2009 716 2072 ιτ.
993 1927 1023 1988 ⁷'
1285 2008 1321 2072 L.
1347 2004 1465 2073 Herod.
1491 2008 1516 2071 υ
1540 2007 1614 2071 νου.

163 2106 354 2188 ,,διδάσκω“;
391 2158 540 2174 .....
565 2106 708 2175 οὐδέποτε
733 2107 791 2197 γὰρ
817 2107 854 2176 τά
876 2113 919 2185 είς
941 2098 985 2175 κ-ω
1031 2110 1228 2191 4,,ἴσκοντες“;
1254 2107 1446 2197 Ἀρίσταρχος
1463 2105 1539 2182 ἀξιοῖ
1555 2105 1605 2174 διά
1618 2095 1715 2194 τῇςῖι
1730 2102 1863 2193 διφθόγ-

162 2209 281 2300 βήματα
303 2210 389 2278 κοινά
411 2207 482 2278 όντα
499 2210 653 2301 διφθόγγιρ
668 2217 705 2301 τῇ
722 2209 772 2278 διὰ
786 2218 839 2281 τοῦ
855 2231 866 2279 ῑ
880 2238 984 2302 παρα·
1036 2241 1092 2302 γου
1107 2211 1245 2302 γράφειν,
1270 2211 1334 2279 ἐπεὶ
1356 2215 1387 2277 ἐν
1411 2214 1536 2298 ἑτέροις,
1561 2211 1646 2298 φησί,
1670 2206 1703 2278 τὸ
1719 2206 1796 2276 κατὰ
1812 2211 1863 2274 δι-

161 2313 295 2403 λήγεται.
335 2311 406 2382 όθεν
429 2316 608 2402 ἐπίμεμπτος
620 2311 812 2404 Ἀρίσταρχος
826 2313 859 2384 τό
884 2314 990 2397 ,αίκέ
1038 2318 1150 2405 αίρεσιν
1174 2314 1267 2383 αύτυδ
1289 2314 1408 2402 όρὰται,
1433 2313 1524 2379 έΐσκω
1547 2311 1725 2401 λεγόμενον·
1752 2311 1863 2392 ,ἐΐσκω

161 2445 195 2484 σε
218 2424 261 2505 τῷ
283 2418 449 2492 εἷσκοντες“
476 2455 514 2467 -
539 2421 564 2484 Λ
589 2422 651 2483 799
676 2457 712 2467 -
738 2415 788 2484 διά
810 2423 863 2506 τῆς
882 2407 917 2486 εἶ
935 2422 985 2484 δι·
1036 2417 1271 2507 πηγεσιμάλλῳ“
1295 2457 1338 2467 -
1361 2418 1384 2482 Γ
1410 2422 1468 2483 197
1491 2457 1545 2482 -.
1596 2420 1624 2482 οἱ
1653 2418 1686 2483 δὲ
1715 2414 1784 2504 περὶ
1813 2413 1862 2482 τὸν

162 2520 296 2609 φθόγγου
325 2517 449 2610 γράφων
456 2573 465 2602 ,
498 2523 566 2588 δέον
597 2518 648 2588 διὰ
669 2526 722 2589 τού
744 2539 767 2588 ῐ.
813 2519 986 2610 πρόσκειται
1035 2521 1189 2596 Ἀλεξίωνα
1212 2518 1262 2588 διὰ
1284 2524 1362 2586 τοῦῐ
1386 2518 1476 2607 μόνου
1492 2523 1739 2606 συνεσταλμένου.
1779 2516 1864 2606 κάγω

161 2623 247 2691 κυινά
270 2622 320 2691 διά
341 2623 374 2690 τὸ
398 2622 537 2691 Αίολικά.
578 2627 606 2689 οί
628 2619 686 2711 γάρ
709 2624 828 2700 Αἰολεῖς
851 2627 985 2692 θναίσκω
1039 2627 1072 2692 δὲ
1101 2622 1218 2698 τούτοις
1247 2624 1501 2710 συγκατατίθεμαι
1529 2621 1562 2688 τό
1592 2620 1633 2709 μή
1657 2621 1805 2690 δύνασθαι
1826 2619 1864 2687 τά

161 2725 211 2793 καὶ
234 2727 401 2814 μιμναίσκω
424 2726 474 2793 διὰ
495 2732 549 2814 τῆς
572 2715 607 2794 αἶ
627 2724 792 2817 διφθόγγου
813 2730 961 2815 λέγουσιν.
1037 2733 1161 2794 τοιαῦτα
1183 2732 1242 2792 τῶν
1266 2725 1420 2814 βημάτων,
1445 2728 1523 2812 λέγω
1547 2727 1579 2792 δὲ
1601 2723 1638 2791 τὰ
1654 2723 1705 2792 διὰ
1718 2731 1772 2791 τοῦ
1787 2714 1862 2805 στω,

1037 2832 1119 2918 ἔχειν
1141 2828 1199 2919 πρὸ
1222 2833 1325 2904 τέλους
1349 2831 1511 2918 δίφθογγον
1534 2830 1784 2918 ἐκρωνουμένην,
1819 2823 1865 2894 ότι

1037 2931 1078 3020 μὴ
1101 2931 1154 3020 τὴν
1179 2931 1229 3000 διά
1250 2937 1303 3000 τοῦ
1326 2939 1354 3013 ὖ,
1378 2929 1551 3021 πιφαύσκω.
1596 2930 1611 2998 ό
1635 2933 1669 2997 δὲ
1691 2929 1778 3018 λόγος
1799 2957 1864 2997 πα-

1039 3040 1183 3124 ραιτεῖται
1204 3034 1257 3122 τὴν
1281 3035 1409 3102 Αἰολίδα
1432 3033 1585 3102 διάλεκτον
1609 3032 1714 3101 διὰτὸ
1737 3034 1864 3120 μιμναί-

1038 3166 1100 3206 σκω
1122 3138 1172 3205 καί
1195 3140 1339 3204 θναίσκω.
1387 3134 1464 3205 ὥστε
1492 3135 1542 3206 ότε
1571 3141 1653 3226 λέγει
1674 3138 1766 3204 ἐΐσκω
1788 3134 1866 3203 κατὰ

1038 3244 1200 3330 διαίρεσιν,
1231 3241 1323 3329 όγιῶς
1350 3239 1429 3308 πάνυ
1451 3239 1669 3411 ἀποφαίνεται,
1699 3240 1762 3327 εἴγε
1782 3239 1866 3328 παρὰ

1037 3343 1071 3412 τὸ
1100 3345 1173 3412 εἴδω
1202 3348 1337 3420 ἐξέπιπτε
1365 3342 1520 3430 μέλλων
1510 3371 1527 3410 ο
1555 3342 1645 3424 εἴσω,
1676 3339 1709 3418 ὃς
1738 3337 1864 3431 ὤφειλεν

1038 3450 1194 3515 έπενθέσει
1214 3473 1267 3514 του
1289 3474 1308 3512 κ
1328 3452 1455 3533 ποιῆσαι
1475 3445 1509 3514 τό
1532 3447 1641 3527 ἐΐσκω,
1673 3444 1715 3521 ὡς
1743 3442 1865 3532 μεθύσω
1920 3466 1932 3484 ’

1039 3547 1193 3675 μεθύσκω,
1219 3548 1321 3673 δράσρι
1344 3549 1477 3639 δράσκω.
1524 3544 1594 3616 ἀλλ’
1621 3548 1685 3618 ἐπεί
1708 3545 1864 3675 ἀνέφικτον

925 3692 935 3705 -
1037 3647 1074 3741 ἧν
1104 3659 1245 3742 χωρῆσαι
1274 3650 1327 3740 τὴν
1356 3651 1497 3741 τοιαύτην
1527 3656 1690 3743 δίφθογγον
1722 3651 1780 3742 πρὸ
1808 3658 1865 3740 τῆς

1039 3785 1101 3823 σκω
1123 3761 1327 3846 παραγωγῆς,
1356 3759 1501 3846 διαιρέσει
1523 3754 1599 3846 ἀχρ
1580 3782 1686 3844 ησατο.
1734 3752 1808 3823 όπου
1832 3757 1865 3822 δέ

1038 3857 1074 3926 οό
1095 3856 1361 3947 παραδέχεται
1325 3887 1363 3927 αυ
1385 3857 1418 3928 τὸ
1440 3866 1493 3948 τῆς
1516 3862 1703 3948 διαιρέσεως,
1728 3862 1791 3926 ἐκεῖ
1808 3862 1865 3925 έκ-

1038 3959 1192 4052 βάλλει
1165 3989 1197 4029 το
1220 3968 1247 4028 ἑ.

329 4242 337 4261 ·
427 4233 465 4299 υ.
490 4234 535 4300 ιι.
562 4238 635 4317 ιιι,
663 4239 715 4300 21.
996 4156 1029 4220 δ’
1124 4325 1128 4333 ¹
1285 4235 1620 4304 L.Her0d.K109.

166 4383 287 4401 .....
312 4331 345 4399 τὸ
368 4335 401 4400 δὲ
423 4334 537 4412 κλειτός
559 4335 610 4404 καί
631 4335 755 4423 κλυτός,
786 4340 814 4404 εί
837 4338 889 4425 μέν
914 4336 988 4425 μετὰ
1042 4337 1145 4426 ,δουρί
1166 4336 1311 4404 κλυτόν“;
1336 4336 1369 4404 τό
1391 4337 1508 4418 κλυτός,
1534 4341 1560 4405 εί
1582 4336 1726 4415 πτωτικόν
1749 4336 1865 4426 κατόρ-

115 4468 133 4487 ‘-
162 4437 300 4507 ἀπτιύτου
324 4440 451 4526 συντεθῇ
475 4436 548 4526 ὑπὲρ
571 4439 641 4527 μίαν
664 4435 833 4529 συλλαβήν,
865 4439 986 4529 φυλάσ-
1038 4468 1091 4531 χοι
1106 4445 1137 4508 ἐν
1155 4443 1304 4522 συνθέσει,
1322 4437 1483 4529 βαρύτονόν
1499 4442 1574 4521 ἐστι,
1591 4438 1774 4521 τοξόκλυτος,
1791 4437 1865 4509 όνο-

162 4569 209 4609 σει
230 4536 283 4628 τὴν
305 4538 402 4615 ὀξεῖαν
424 4538 527 4606 τάοιν·
561 4541 624 4608 οίον
646 4540 773 4622 κλειτός,
798 4541 983 4629 ἀγακλειτός.
1040 4542 1200 4631 μάκλυτος,
1225 4546 1251 4610 εί
1271 4544 1304 4609 δέ
1320 4537 1455 4610 ἄπτωτον
1471 4541 1618 4632 φυλάσσει
1639 4540 1688 4610 τόν
1706 4540 1795 4610 αὐτόν
1810 4540 1866 4610 τό·

161 4647 245 4713 εἰδὲ
268 4641 343 4731 μετὰ
364 4649 512 4710 πτωτικοδ
533 4640 553 4732 ἢ
578 4641 716 4713 ἀπτύτου
746 4645 983 4736 μονοσυλλοίβου,
1039 4671 1109 4729 νον,
1133 4643 1326 4736 περικλυτός,
1350 4643 1533 4733 ἀγακλυτός,
1559 4645 1605 4712 διὸ
1628 4649 1811 4732 σημειωτέον
1833 4643 1866 4712 τό

161 4746 433 4838 προπαροξύνεται·
472 4744 663 4835 πρόκλειτος,
694 4746 905 4835 ὀνομάκλυτος.
952 4748 985 4818 τό
1038 4746 1231 4826 ναυσικλυτός
1252 4747 1438 4836 όξυνόμενσν.
1477 4745 1524 4816 ότι
1544 4747 1602 4837 γάρ
1625 4745 1768 4817 σύνθετόν
1788 4750 1864 4831 ἐστι,

163 4853 197 4919 δὲ
219 4851 302 4941 δουρί
324 4847 429 4926 κλυτός
451 4853 483 4917 ἐν
504 4853 683 4940 παραθέσει.
1038 4857 1129 4940 δῆλον
1157 4856 1192 4919 ἐκ
1221 4858 1275 4919 τοῦ
1304 4855 1402 4938 μένειν
1431 4850 1507 4919 τὸᾱ
1534 4857 1587 4938 τῆς
1616 4853 1704 4919 ναυσί
1733 4856 1863 4940 δοτικῆς.

1037 4952 1104 5022 κατ’
1131 4955 1209 5021 ίδίαν
1236 4953 1293 5042 γὰρ
1320 4953 1403 5042 παρὰ
1432 4958 1476 5042 τῷ
1502 4960 1613 5043 ποιητῇ
1642 4950 1662 5042 ἢ
1693 4953 1744 5021 διὰ
1771 4960 1865 5042 τοῦῆ

1039 5060 1160 5146 λέγεται
1187 5053 1208 5144 ἢ
1239 5054 1290 5123 διὰ
1317 5062 1370 5124 τοῦ
1392 5065 1421 5139 ἐ,
1452 5061 1484 5125 ἐν
1513 5059 1546 5125 δὲ
1575 5060 1713 5125 συνθέσει
1741 5054 1792 5124 διά
1813 5062 1866 5125 τοῦ

1041 5164 1076 5242 ἆ,
1113 5156 1296 5240 Ναυσικάα,
1329 5158 1516 5236 Ναυσίθοος·
1555 5158 1588 5228 τό
1619 5160 1671 5247 μέν
1701 5153 1753 5226 σύν
1784 5158 1867 5247 δουρί

1040 5260 1147 5338 κλυτός
1169 5266 1200 5328 ἐν
1222 5265 1391 5350 παραθέσει
1413 5265 1502 5330 ἐστίν.

1644 5368 1660 5418 5
