4950 6578
1385 653 1504 714 *16

899 944 937 1009 E.
962 893 1007 1009 Μ.
1032 947 1107 1027 747,
1133 945 1187 1007 20.
1456 844 1508 904 22·
1751 948 1788 1011 L.
1815 946 1932 1014 Herod.
1961 945 1993 1011 M
2019 948 2090 1012 158.

635 1061 837 1153 ,ταμφειάς“;
867 1062 1059 1152 Ἀρίσταρχος
1088 1061 1185 1138 όξόνει
1205 1090 1248 1137 ως
1269 1062 1395 1138 πυκνάς.
1440 1061 1456 1130 ὑ
1512 1061 1713 1151 ,ταμφειάς“;
1742 1062 1934 1154 Ἀρίσταρχος
1963 1063 2059 1139 όξόνει
2086 1063 2127 1140 ὡς
2148 1064 2272 1141 πυκνάς.
2320 1065 2337 1134 ὑ

634 1169 667 1234 δὲ
689 1169 769 1256 Θρᾷξ
785 1165 940 1241 Διονόσιος
963 1164 1074 1253 ὁμοίως
1094 1173 1139 1255 τῷ
1159 1168 1297 1255 ταχείας,
1320 1165 1457 1255 παμάτὺ
1512 1168 1546 1234 δέ
1568 1168 1647 1255 Θρᾷξ
1669 1165 1824 1244 Διονόσιος
1853 1166 1965 1255 ὁμοίως
1994 1172 2177 1258 προεφέρετο
2206 1176 2250 1259 τῷ
2277 1198 2337 1238 τα-

632 1270 745 1360 ταρφὺς
768 1269 931 1359 ἀρσενικῶς
942 1276 982 1352 ¹),
1015 1264 1050 1336 οὗ
1078 1261 1188 1337 πολλαὶ
1214 1264 1292 1357 ἦσαν
1314 1268 1457 1359 χρήσεις·
1511 1273 1616 1360 χείας,
1640 1270 1721 1359 παρά
1744 1271 1777 1338 τὸ
1800 1270 1912 1360 ταρφὺς
1936 1269 2091 1360 ἀρσενικόν
2103 1277 2146 1356 ¹),
2172 1267 2336 1342 οὑπολλαί

633 1375 684 1441 καί
707 1379 798 1462 δῆλον
814 1370 861 1441 ότι
876 1371 1031 1460 ἀναλόγως
1048 1374 1100 1459 μὲν
1117 1370 1458 1461 ἀναγινιόσκειὺΘμᾷξ,
1510 1368 1588 1462 ἦσαν
1618 1373 1741 1463 χρήσεις
1770 1375 1852 1464 παρὰ
1862 1380 1881 1461 ¹)
1919 1379 1979 1451 τοῖς
2012 1381 2152 1451 παλαιοῖς
2180 1376 2231 1443 καί
2258 1378 2333 1466 παρ’

632 1477 816 1567 ἐπεκράτησε
839 1478 872 1544 δὲ
894 1475 914 1564 ἦ
935 1473 1129 1565 Ἀριστάρχου
1152 1475 1317 1565 ἀνάγνωσις
1327 1482 1362 1563 ³).
1503 1475 1640 1567 Ὁμήρῳ.
1684 1479 1735 1545 καί
1758 1483 1849 1567 δῆλον
1871 1475 1917 1546 ότι
1939 1477 2094 1565 ἀναλόγως
2111 1481 2164 1565 μέν
2180 1479 2331 1567 ἀναγινώ-

1512 1609 1577 1648 σκει
1599 1579 1615 1650 ὑ
1638 1583 1730 1670 Θρᾷξ,
1755 1581 1938 1670 ἐπεκράτησε
1961 1583 1995 1650 δέ
2016 1581 2036 1671 ἡ
2055 1580 2260 1672 Ἀριστάρχου.

718 1702 754 1758 οἰ.
774 1703 811 1758 ed
828 1703 854 1757 Τ
871 1705 931 1757 356.
951 1700 978 1756 Α
997 1704 1040 1756 52.
1078 1703 1095 1765 ¹)
1116 1717 1186 1756 eorr.
1206 1701 1344 1772 ἀρσενικόν,
1365 1708 1397 1758 ut
1415 1703 1443 1756 in
1461 1704 1496 1758 V.
1516 1704 1578 1757 eod.
1598 1706 1674 1759 etin
1692 1701 1842 1760 Venet.A.
1879 1705 1988 1776 ηπαρά
2005 1734 2040 1744 -
2056 1701 2164 1778 Ὁμήρῳ
2182 1722 2236 1760 om.
2251 1705 2284 1760 Ε.
2297 1707 2334 1760 Μ.

632 1789 652 1853 ³)
672 1789 814 1862 ἀνάγνωσις
830 1791 910 1844 deest
928 1789 957 1843 in
974 1788 1074 1844 Venet.
1094 1787 1131 1842 A.

1457 2000 1510 2063 23.

901 2100 941 2165 E.
965 2099 1009 2164 M.
1038 2102 1110 2180 782,
1137 2103 1189 2164 54.
1738 2102 1797 2165 ·L.
1823 2102 1941 2169 Herod.
1968 2102 1991 2166 Σ
2014 2106 2087 2166 375.

637 2218 844 2301 ,ὑπόκοκλα“ῑ
878 2220 955 2292 τινὲς
977 2217 1029 2306 ὑφ’
1057 2220 1089 2282 ἓν
1112 2215 1387 2303 ἀναγινώσκουσιν,
1419 2216 1459 2292 ὡς
1514 2215 1648 2308 ,χρόσεα
1672 2222 1704 2286 δέ
1728 2219 1778 2309 σφ’
1807 2219 1862 2287 ὑπό
1885 2218 1981 2288 κόκλα
1996 2220 2113 2310 ἑκάστῳ
2127 2223 2257 2308 πυθμένι
2271 2224 2334 2308 θή-

635 2321 797 2412 ὑπότροχα.
1511 2331 1599 2389 κεν“;
1632 2324 1710 2398 τινές
1732 2321 1897 2404 ὑπόκυκλα,
1922 2322 1962 2400 ὡς
1986 2323 2158 2414 ὑπότροχα·
2182 2325 2333 2412 τάμέντοι

1513 2430 1544 2492 ἐν
1566 2435 1603 2516 τῇ
1624 2425 1781 2516 Ὀδυσσείφ
1806 2468 1842 2478 -
1861 2433 1877 2494 δ
1898 2433 1949 2494 131
1974 2468 2012 2477 -
2038 2427 2189 2518 ,τάλαρόν
2208 2427 2239 2495 θ’
2259 2424 2336 2495 ὑπό-

1512 2536 1640 2598 κυκλον“
1658 2531 1735 2598 κατὰ
1750 2529 1888 2599 σόνθεσιν
1906 2530 2128 2619 ἀνεγνωσμένον
2145 2536 2246 2619 ἐτέρου
2261 2533 2338 2620 ἔχε-

1512 2660 1563 2700 ται
1585 2637 1816 2722 σημαινομένου.

993 2888 1001 2894 ·
1459 2862 1511 2922 24.

914 2961 953 3026 Ε.
977 2962 1020 3026 Μ.
1047 2963 1122 3042 786,
1148 2962 1180 3025 8.
1753 2961 1792 3027 L.
1817 2961 1937 3029 Herod.
1963 2962 1996 3028 M
2019 2967 2091 3028 201.

637 3080 851 3173 ,ξΥψιπέτηςίίι
888 3079 1080 3169 Ἀρίσταρχος
1113 3076 1259 3168 ἐβάρυνε,
1298 3076 1395 3169 εὑμών
1428 3078 1461 3146 τό
1512 3077 1701 3168 Ἀρίσταρχος
1729 3078 1873 3169 ἐβάμυνεν
1896 3078 1991 3170 εὑμών
2013 3080 2046 3149 τὸ
2077 3080 2235 3162 ,ὠκυπέτα
2257 3110 2338 3172 χμυ-

638 3185 796 3268 ,ὠκυπέτα
815 3181 985 3269 [Ζεόςψίίίλ.
1023 3178 1122 3272 ὥσπερ
1139 3183 1188 3249 καί
1205 3181 1263 3249 ἀπὸ
1278 3188 1331 3250 τοὺ
1346 3209 1461 3250 παντο·
1514 3184 1617 3271 σέησιν
1633 3185 1805 3272 ἐθείμησιν“
1831 3223 1872 3234 -·
1889 3186 1914 3250 Θ
1930 3191 1971 3251 42
1987 3224 2028 3234 -
2051 3181 2145 3260 οὑτως
2163 3189 2338 3273 κεκλιμένον

634 3289 739 3378 πάλης
764 3293 957 3356 παντοπῶλα.
1004 3289 1080 3362 τινὲς
1104 3287 1157 3373 μέν
1180 3286 1350 3373 ἐτόλμησαν
1372 3314 1461 3376 περι·
1515 3282 1587 3352 ὡσεί
1607 3287 1660 3353 καί
1675 3285 1734 3355 ἀπό
1749 3294 1801 3355 τοῦ
1815 3286 2012 3375 παντοπώλης
2027 3295 2220 3357 παντοπῶλα.
2258 3288 2338 3379 πμό-

637 3382 768 3460 σπᾶντό
792 3390 953 3482 ὑψιπετῒγς,
985 3385 1120 3479 εόμοντες
1142 3389 1175 3457 τό
1199 3387 1388 3479 ὑψιπετήεις,
1422 3387 1462 3465 ὡς
1515 3394 1607 3477 δηλον
1631 3392 1664 3458 δέ
1685 3389 1745 3458 κάκ
1758 3398 1817 3458 τῶν
1834 3394 2008 3459 διαλέκτων.
2049 3389 2192 3481 ὑψιπέτας
2207 3392 2264 3482 γάμ
2281 3390 2337 3461 εὑ-

635 3495 751 3585 τιμήεις
772 3503 870 3584 τιμῇς.
911 3493 981 3564 ἀλλ’
1006 3495 1055 3561 ἐπί
1078 3495 1131 3582 μὲν
1153 3501 1207 3561 τοῦ
1227 3500 1314 3582 τιμῆς
1337 3490 1462 3581 εὕρομεν
1516 3496 1591 3582 μέθη
1614 3492 1690 3561 κατά
1712 3493 1823 3582 τροπέν
1849 3503 1902 3563 τοὺ
1922 3502 1942 3583 ἡ
1966 3498 2008 3570 είς
2030 3493 2063 3562 τό
2086 3502 2125 3577 ο“ι,
2156 3495 2228 3586 ὅπερ
2257 3501 2339 3584 ζητεῖ

638 3597 803 3688 αἰτιατικὴν
829 3593 899 3681 ,καί
921 3598 1032 3688 χμυσόν
1055 3604 1200 3685 τιμῆντα“
1227 3636 1265 3646 -
1289 3598 1313 3663 Σ
1338 3603 1400 3662 475
1423 3637 1461 3649 -
1515 3594 1566 3662 καί
1587 3593 1607 3684 ἡ
1630 3598 1725 3672 κλίσις
1747 3598 1799 3664 καὶ
1820 3594 1840 3685 ἡ
1864 3600 1972 3686 βαρεῖα
1994 3596 2094 3674 τάσις·
2134 3602 2211 3675 τινές
2240 3602 2339 3688 μέντοι

637 3705 685 3770 ἐπί
709 3705 742 3770 δέ
763 3710 816 3770 τοῦ
837 3704 1034 3791 προκειμένου
1057 3698 1143 3768 οὐδὲν
1167 3699 1294 3791 εόμομεν
1309 3707 1460 3768 τοιοῦτον·
1514 3698 1683 3787 ἐτόλμησαν
1713 3697 1754 3776 ὡς
1775 3698 1809 3769 τό
1841 3708 1947 3789 ,τιμῆς
1969 3702 2089 3770 ἔσεται“
2116 3743 2152 3753 -
2178 3705 2189 3770 l
2213 3708 2274 3772 665
2300 3744 2337 3755 -

636 3803 707 3874 όθεν
730 3807 911 3894 ἐπείσθημεν
929 3802 1127 3894 Ἀριστάρχῳ.
1514 3799 1608 3879 οὑτως
1635 3801 1806 3893 ὑψιπετήεις
1836 3801 1989 3894 ὑψιπετῆς.
2037 3803 2107 3874 ἀλλ’
2134 3807 2182 3873 ἐπί
2212 3809 2265 3894 μέν
2287 3814 2339 3875 τοῦ

1512 3915 1600 3996 τιμῆς
1622 3904 1747 3997 εὕρομεν
1772 3908 1938 3996 αίτιατικήν
1963 3911 2033 3991 ,καί
2055 3909 2166 3999 χρυσόν
2192 3919 2336 3998 τιμήντοι“

1516 4052 1553 4062 -
1571 4013 1595 4078 Σ
1610 4017 1672 4078 475
1691 4053 1742 4095 -,
1768 4009 1832 4102 ἥτις
1855 4015 1995 4081 ἐδίδασκε
2017 4013 2050 4080 τό
2072 4019 2125 4101 τῆς
2140 4011 2260 4088 εόθείας
2275 4012 2339 4081 πά-

1515 4120 1568 4190 θος
1576 4119 1616 4202 ²).
1662 4115 1710 4181 ἐπί
1738 4117 1772 4182 δὲ
1798 4125 1851 4184 τοῦ
1879 4119 2075 4205 προκειμένου
2105 4115 2191 4185 οὐδέν
2214 4113 2340 4205 εὕρομεν

1512 4225 1640 4297 τοιοῦτο,
1666 4220 1753 4286 ἔνθεν
1776 4221 1958 4306 ἐπείσθημεν
1980 4226 2023 4308 τῷ
2043 4217 2251 4309 Ἀριστάρχῳ..

725 4345 743 4408 ¹)
764 4341 831 4402 Ζεύς
849 4358 903 4397 om.
923 4341 975 4405 V.,
998 4343 1079 4397 ουίυε
1096 4343 1158 4397 loeo
1176 4357 1212 4397 ex
1229 4340 1299 4396 Ven.
1319 4338 1355 4393 A.
1376 4340 1462 4395 redde
1480 4340 1514 4395 Ε.
1534 4340 1571 4395 Μ.
1591 4342 1727 4416 χρυσέῃσιν
1746 4340 1887 4416 ἐθείρῃσινς
1919 4341 2028 4413 relique
2045 4342 2081 4397 ab
2100 4341 2180 4402 οὕτως
2198 4359 2286 4414 usque
2304 4345 2340 4398 ad

515 4404 523 4420 ¹
637 4431 708 4490 τάσις
726 4428 849 4484 indidem
868 4442 1000 4485 revocare
1018 4428 1085 4497 lieet
1101 4424 1138 4482 ed
1156 4427 1353 4496 integritatem.
1391 4427 1411 4494 ²)
1432 4427 1500 4482 haee
1517 4426 1546 4480 in
1563 4426 1596 4481 Ε.
1618 4426 1654 4480 Μ.
1675 4427 1820 4482 decurtate
1838 4431 1911 4482 eunt.
1931 4456 1966 4465 —
1984 4427 2064 4484 Euet.
2084 4430 2144 4491 899,
2165 4431 2205 4481 5³.

917 4756 956 4822 Ε.
981 4755 1024 4822 Μ.
1052 4759 1125 4841 802,
1152 4760 1181 4821 3.
1462 4655 1515 4718 25·
1761 4756 1799 4821 L.
1825 4753 1944 4822 Herod.
1970 4756 1995 4820 Ω
2019 4760 2091 4822 566.

640 4874 812 4966 ,φυλακοὺς
827 4873 953 4943 λάθοι“;
971 4872 1098 4951 Ἰλιάδος
1114 4873 1148 4940 ω’
1164 4913 1206 4924 -
1222 4879 1285 4942 566
1301 4914 1354 4939 -.
1380 4872 1463 4965 Ἀμί-
1518 4872 1728 4962 ,φυλακοός“;
1759 4874 1948 4964 Ἀρίσταρχος
1964 4873 2029 4942 κατ’
2049 4874 2145 4948 ὀξεῖαν
2161 4867 2244 4937 τάσιν
2260 4894 2339 4958 προ-

639 5006 768 5069 σταρχος
790 4975 895 5052 όὶόνει.
942 4978 978 5046 τά
1007 4978 1064 5066 γάρ
1091 4981 1133 5052 είς
1154 4966 1207 5052 κός
1237 4975 1367 5065 λήγοντα
1390 4974 1463 5066 ὑπὲρ
1516 4980 1639 5065 εφέμετο
1655 4975 1695 5053 ὡς
1711 4976 1868 5067 φμουμοός.
1909 4979 1973 5046 ἔστι
1995 4979 2028 5043 δέ
2049 4975 2099 5042 καί
2122 4973 2138 5040 ὸ
2161 4971 2248 5060 λόγος
2264 4999 2339 5038 συν-

640 5081 692 5151 δόο
709 5081 860 5171 συλλαβάς
874 5079 1089 5170 παραλήγοντα
1104 5085 1147 5170 τῷ
1159 5088 1191 5160 ᾱ,
1208 5080 1363 5150 ἐπιθετικά
1377 5075 1462 5161 ὄντα,
1517 5080 1735 5170 ἀγωνιζόμενος
1756 5088 1793 5170 τῇ
1816 5080 1897 5169 ὀξείᾳ
1918 5080 2003 5150 τάσει
2024 5072 2135 5157 οὑτως,
2166 5075 2207 5151 ὡς
2235 5075 2271 5142 τοὶ
2298 5078 2340 5148 εἰς

640 5184 802 5267 όξόνονται,
825 5183 1013 5274 παμαδακός,
1036 5182 1205 5273 φαρμακός.
1515 5171 1568 5260 εἷς
1590 5184 1724 5273 καθαρόν
1746 5180 1877 5270 λήγοντα
1892 5182 1965 5270 ὑπὲρ
1981 5179 2034 5248 δόο
2050 5178 2214 5268 συλλαβάς,
2237 5204 2340 5266 παρα-

1517 5287 1671 5376 ληγόμενα
1684 5295 1728 5376 τῷ
1743 5292 1775 5366 ἆ,
1798 5282 2003 5376 προσηγορικὰ
2020 5280 2040 5372 ἢ
2057 5285 2179 5350 ἐπίθετα
2194 5279 2339 5361 ἀξόνεται,
