4950 6578
998 668 1038 729 29

159 858 256 926 τάσιν.
307 853 442 942 [κανόνος
463 856 726 942 παραδείγματα)
759 858 810 920 τοὺ
835 852 887 938 μέν
908 879 988 940 προ·
1041 849 1148 917 λάσσοι
1178 848 1266 936 μόνον
1289 848 1323 916 τὸ
1346 847 1478 936 θηλυκὸν
1500 851 1619 936 γένος,’
1635 848 1686 914 καί
1707 847 1756 915 τὸν
1780 845 1869 915 αὑτὸν

160 965 248 1049 τέρου
270 960 490 1047 περισκελίςῦ),
528 962 581 1023 τοὺ
611 957 644 1022 δέ
675 958 814 1043 δευτέρου
837 952 985 1029 δύσελπις.
1041 952 1124 1019 τόνον
1155 952 1320 1042 φυλάσσει,
1352 956 1379 1019 εί
1404 953 1436 1018 δέ
1460 951 1664 1039 μεταληπτικά
1686 953 1797 1038 γίνοιτο
1820 952 1870 1017 καί

160 1063 254 1152 ταύτῃ
278 1057 329 1130 σύν
351 1060 384 1127 τὸ
408 1061 460 1146 μὲν
482 1061 618 1146 καταιγίς
642 1056 792 1139 ὀξύνεται,
816 1057 849 1125 τὸ
873 1060 906 1124 δὲ
930 1085 988 1145 με-
1042 1055 1254 1144 ἆρσενικυὺέ),
1287 1058 1464 1142 μεθίσταται
1493 1055 1544 1121 καί
1574 1059 1616 1129 είς
1639 1059 1763 1143 βαρεῖαν
1786 1052 1869 1120 τάσιν

162 1167 296 1254 λάναιγις
325 1160 504 1252 βαρύνεται·
546 1159 640 1237 οὕτως
662 1155 715 1229 οὑν
738 1162 789 1228 καί
811 1159 844 1228 τό
867 1159 988 1248 εύκλήις
1041 1154 1223 1247 άναγκαίιυς.
1269 1164 1322 1226 τοῦ
1346 1160 1399 1245 μέν
1421 1161 1584 1246 προτέρου,
1614 1156 1816 1249 φυλάσσοντος
1837 1155 1870 1223 τό

161 1271 212 1336 καί
233 1264 394 1353 πολυκλήις
417 1264 623 1354 βαρύνεταιθ).
666 1267 781 1331 τίθεται
800 1262 858 1352 γάρ
873 1264 925 1330 καί
941 1262 989 1329 ἐπί
1044 1260 1116 1329 αὑτὸ
1145 1265 1230 1349 γένος
1258 1263 1310 1328 καί
1331 1259 1380 1329 τόν
1405 1260 1495 1329 αότόν
1518 1259 1620 1343 τόνον,
1652 1262 1869 1349 περισκελίςέ),

159 1372 317 1460 ἀρσενικοῦ
340 1369 382 1444 ὡς
404 1369 455 1435 καί
477 1372 511 1435 ἐκ
532 1374 584 1436 τοῦ
607 1369 742 1434 ἐναντίου
764 1366 797 1433 τό
817 1363 987 1441 λεύκασπις.
1043 1370 1094 1432 τοὺ
1122 1366 1156 1431 δὲ
1185 1368 1322 1453 δευτέρου
1353 1362 1502 1440 δύσελπις.
1549 1362 1643 1453 ταύτῃ
1673 1359 1725 1432 οὑν
1754 1363 1787 1430 τό
1817 1364 1869 1449 μὲν

158 1475 210 1541 καί
237 1474 294 1563 γάρ
324 1473 373 1540 ἐπί
391 1471 553 1560 Ἀμαζόνος
581 1473 686 1559 ταγείη
718 1466 753 1537 άν
775 1468 809 1536 τὸ
832 1467 984 1557 εόκληιςί)
1041 1470 1176 1556 καταιγίς
1199 1467 1351 1548 ὀξύνεται,
1381 1466 1414 1534 τὸ
1443 1469 1477 1534 δέ
1501 1465 1675 1554 μελάναιγις
1697 1466 1868 1556 βαρύνεται.

158 1579 209 1644 καί
232 1577 266 1644 τὸ
288 1573 429 1663 εύκνήμις
452 1577 500 1643 ἐπί
523 1582 576 1662 τῆς
596 1572 723 1660 Ἀθηνᾶς
747 1573 814 1652 ,ἐπί
837 1570 908 1660 νηὸν
932 1571 987 1638 εὑ·
1042 1567 1135 1648 οὑτως
1155 1566 1210 1639 ὀὑν
1232 1574 1283 1639 καί
1306 1571 1339 1639 τὸ
1362 1569 1481 1658 εόκλήις
1504 1571 1556 1637 καί
1577 1571 1740 1658 πολυκλήις
1755 1572 1870 1658 βαρυν-

158 1681 301 1768 κνήμιδος
319 1678 473 1766 Ἰτιύνη;“.
1042 1674 1214 1763 θήσεταιθ).
1260 1677 1376 1743 τίθεται
1403 1673 1461 1764 γὰρ
1490 1673 1541 1740 καί
1570 1675 1619 1740 ἐπί
1649 1673 1806 1763 ὀρσενικοὺ
1829 1671 1871 1747 ὡς

1037 1781 1089 1845 καί
1111 1783 1145 1845 ἐκ
1167 1785 1219 1847 τοὺ
1242 1781 1377 1846 ἐναντίου
1398 1775 1432 1844 τὸ
1455 1774 1629 1852 λεύκασπις.
1669 1776 1719 1844 καί
1741 1776 1798 1864 γάρ
1821 1777 1870 1842 ἐπὶ

1034 1880 1195 1971 Ἀμαζόνος
1224 1884 1328 1970 ταγείη
1358 1876 1405 1948 ὀίν.
1453 1883 1505 1948 καί
1531 1880 1566 1949 τὸ
1596 1879 1738 1968 εόκνήμις
1765 1879 1871 1967 ἀμέλει

1038 1986 1087 2052 ἐπί
1105 1985 1234 2074 Ἀθηνᾶς
1256 1989 1395 2053 τέτακται
1424 1983 1508 2072 παρὰ
1524 1983 1637 2073 Ῥιανῷ
1662 1987 1694 2050 ἐν
1718 1985 1878 2050 Θεσσαλιι

1038 2093 1102 2163 κοῖς
1127 2091 1192 2168 ,τοί
1215 2088 1242 2155 δ’
1269 2084 1329 2176 ἤδη
1353 2087 1400 2155 ἐπί
1422 2087 1493 2175 νηδν
1516 2086 1695 2174 ἐυκνήμιδας
1714 2086 1867 2174 Ἰτυίνης“.

247 2218 270 2275 ’J
293 2215 394 2268 verba:
415 2215 450 2273 ὡς
467 2243 502 2252 -
520 2212 663 2286 πολυκληίς
680 2227 736 2267 uon
753 2212 883 2280 leguntur
901 2212 929 2264 in
948 2210 1039 2280 Etym.

249 2302 266 2362 Ι)
285 2307 333 2371 τῆς
352 2299 527 2372 βαρυνομένης
544 2299 637 2359 λέξεως
655 2297 730 2357 οὖτος
747 2297 846 2352 Venet.
867 2294 903 2349 Α,
952 2297 972 2362 θ)
993 2295 1131 2367 ὀξυνόμενα
1149 2298 1187 2352 id.
1235 2296 1256 2361 3)
1277 2295 1403 2368 φυλάσσοι
1420 2295 1459 2349 id.
1506 2297 1526 2359 ⁴)
1546 2295 1615 2349 cod..
1629 2295 1776 2366 ἀρσενικόνς
1797 2309 1867 2349 corr.

161 2386 343 2457 Sylburgius:
371 2385 485 2453 „aptius
504 2384 562 2440 fere
580 2383 728 2455 ἀρσενικοῦ,
749 2382 835 2450 gonit.
857 2398 933 2446 casu,
953 2387 985 2435 ut
1003 2399 1029 2435 v.
1052 2385 1117 2434 56¹2
1136 2413 1171 2420 -
1189 2381 1236 2437 Sic
1254 2382 1353 2436 Venet.
1374 2380 1409 2435 Α.
1465 2383 1483 2447 5)
1506 2381 1609 2451 βαρεῖαν
1627 2383 1697 2434 τάσιν
1715 2380 1869 2452 ἀνομοίως,

159 2478 205 2524 τοῦ
229 2473 276 2538 μὲν
300 2472 424 2543 προτέρου
449 2471 621 2543 φυλάσσοντος
645 2472 674 2525 τδ
696 2468 757 2522 αὐτὸ
775 2469 847 2540 γένος
865 2470 968 2521 καὶτὸν
987 2467 1064 2521 αὑτὸν
1082 2469 1164 2529 τόνον,
1185 2467 1337 2539 περισκελίς.
1375 2467 1475 2521 Venet.
1496 2462 1531 2519 Α.
1586 2469 1606 2531 θ)
1628 2466 1813 2539 βαρυνθήσιται
1831 2467 1869 2519 id.

160 2559 177 2616 7)
198 2559 228 2611 τὸ
241 2557 346 2627 εὑκλίγις
358 2573 411 2610 om.
428 2556 528 2611 Venet.
545 2556 579 2616 A,
601 2556 649 2624 qui
668 2571 731 2608 mox
750 2555 793 2607 καί
810 2556 839 2606 τδ
859 2552 982 2624 εὑκνημις
1000 2554 1090 2622 άμέλει
1109 2554 1151 2606 ἐπὶ
1168 2561 1215 2624 τῆς
1233 2549 1347 2623 Ἀθηνᾶς
1365 2554 1483 2606 τέτακται
1502 2555 1571 2623 παρὰ
1586 2549 1684 2623 Ῥιανῷ
1702 2554 1727 2606 ἐν
1746 2551 1870 2607 Θεσσαλι-

159 2649 232 2701 κοῖς·
252 2643 291 2695 τοί
310 2639 333 2694 δ’
355 2643 406 2713 ἤδη
425 2642 466 2694 ἐπὶ
485 2651 554 2712 νηῶν
575 2649 653 2701 (corr.
676 2641 810 2694 Lehrsius
828 2646 859 2692 ut
877 2643 923 2692 est
940 2639 968 2692 in
986 2638 1019 2692 Ε.
1041 2639 1087 2701 Μ.)
1110 2639 1264 2710 ἐυκνήμιδας
1282 2636 1392 2708 ιίτιίινης.

441 2952 480 3016 ιο.
506 2951 551 3016 ιν.
577 2911 651 3030 τοι,
681 2956 708 3014 ι.
985 2848 1039 2910 ⁴³⁸
1297 2949 1335 3012 υ.
1360 2948 1478 3014 Herod.
1506 2947 1538 3013 M
1561 2952 1613 3014 ιο.

164 3074 332 3149 ,στεῖνος“;
361 3075 492 3150 ,στεῖνος
514 3058 571 3156 γάρ
593 3062 645 3133 ὑθι
666 3066 832 3155 τρώσεσθαι
849 3064 923 3133 ὀῖω“
950 3105 988 3115 -
1041 3066 1313 3154 προπερισπαστέυν
1342 3065 1375 3132 τό
1407 3070 1570 3145 ,στεῖνος“.
1618 3064 1782 3155 οὐδετέρως
1811 3063 1870 3154 γάρ

165 3172 252 3238 Μ66
268 3212 321 3237 -.
361 3177 606 3260 προπερισπᾶται.
648 3168 804 3260 οόδέτερον
827 3168 902 3257 γάρ·
930 3177 989 3235 πᾶν
1042 3167 1246 3256 ἐξενήνεκται,
1276 3175 1335 3235 πᾶν
1364 3172 1397 3235 δὲ
1421 3168 1577 3256 οὐδέτερον
1600 3173 1642 3244 εἰς
1664 3159 1697 3244 ος
1723 3176 1815 3258 λῆγον
1838 3175 1869 3236 ἐν

58 3288 61 3297 ’
163 3276 196 3340 δέ
219 3278 261 3349 είς
285 3301 317 3348 ος
340 3273 495 3362 οὐδέτερον
518 3278 550 3340 ἐν
573 3270 699 3360 ὀνόμασι
722 3272 897 3362 βαρύνεται·
938 3274 989 3338 καί
1041 3270 1168 3358 ὀνόμασι
1191 3270 1373 3359 βαρύνεσθαι
1396 3275 1491 3339 θέλει.
1539 3267 1633 3346 οὑτως
1656 3267 1708 3338 οὑν
1731 3274 1782 3339 καί
1807 3301 1870 3359 μα-

161 3375 273 3466 μακρός
297 3375 451 3466 ἀρσενικὸν
476 3374 610 3465 ὑπάρχον
634 3373 784 3450 ὀξύνεται·
825 3381 851 3442 εἰ
875 3378 908 3442 δέ
931 3374 988 3442 ού·
1041 3373 1111 3463 κρός
1132 3372 1271 3460 ὀξύνυμεν
1295 3372 1449 3464 ἀρσενικὸν
1474 3373 1625 3463 ὑπάρχον·
1665 3379 1692 3442 εί
1721 3377 1754 3442 δὲ
1777 3375 1870 3442 οόδέ-

162 3483 280 3569 δέτερον
303 3483 431 3567 γένοιτο,
457 3477 617 3570 βαρύνεται
636 3532 757 3546 .....
980 3512 985 3519 ·
1040 3505 1124 3567 τερον
1140 3480 1267 3563 γένοιτο,
1293 3477 1465 3567 βαρύνεται.
1505 3471 1599 3551 οὑτως
1621 3477 1672 3544 καί
1693 3477 1726 3545 τὸ
1742 3478 1867 3554 κλειτύς.

1041 3580 1198 3669 οὐδέτερον
1227 3580 1285 3669 γάρ
1313 3581 1473 3669 γενόμενον
1502 3577 1662 3670 βαρύνεται
1683 3579 1758 3669 παρ’
1782 3580 1871 3648 Ἀλκ-

1041 3690 1111 3771 μᾶνι
1136 3688 1253 3772 ,ἐντῷ
1277 3686 1454 3774 θεσσαλικιρ
1477 3685 1618 3752 κλείτει“.

248 3807 325 3870 Quae
343 3813 496 3875 sequuntur
514 3823 549 3860 ex
566 3804 728 3860 Aristonico
747 3806 774 3859 in
793 3804 886 3874 Etym.
907 3805 943 3859 M.
964 3806 1151 3869 transierunt,
1171 3804 1207 3859 cf.
1229 3805 1363 3861 Carnuth'.
1384 3808 1419 3860 de
1437 3806 1468 3860 Ε.
1490 3806 1526 3860 Μ.
1548 3806 1616 3861 font.
1637 3823 1665 3875 p.
1684 3809 1713 3858 19
1735 3806 1868 3871 )ΙΠ,12).

161 3891 197 3946 cs.
218 3893 254 3945 nd
274 3890 300 3944 Ψ
318 3893 378 3943 119.

988 4069 1041 4129 44.
1429 4124 1432 4137 .

368 4167 406 4231 E.
432 4167 475 4230 Μ.
501 4170 582 4246 749,
608 4171 649 4230 45
672 4172 781 4232 ε110.
1288 4168 1323 4232 L.
1349 4168 1469 4234 Herod.
1496 4167 1523 4233 B
1549 4173 1620 4233 155.

164 4281 375 4371 ,ὑπέρμορα“;
405 4281 531 4371 ..ἢοό
546 4284 622 4350 κατὰ
638 4283 803 4351 διάστασιν.
844 4283 908 4351 άντί
931 4283 988 4374 γάρ
1044 4284 1257 4375 ,ὑπέρμορα“;
1298 4279 1391 4361 οὑτως
1420 4285 1473 4376 ὑφ’
1500 4291 1531 4353 ἓν
1559 4287 1592 4354 τὸ
1621 4287 1795 4377 ὑπέρμορα·
1834 4286 1870 4355 ού

162 4391 214 4452 τοὺ
237 4383 410 4475 ὑπερμόριυς
432 4387 581 4474 εἴληπται.
621 4391 654 4453 ἐκ
676 4387 733 4476 γάρ
756 4393 808 4455 τοῦ
832 4387 921 4476 μόρος
936 4391 988 4476 γί-
1041 4387 1117 4476 γάρ,
1148 4383 1187 4464 ιὺς
1215 4416 1309 4468 τινες,
1340 4388 1417 4456 κατὰ
1447 4389 1613 4458 διάστασιν.
1660 4393 1738 4459 ἔστιν
1767 4387 1819 4459 σύν
1841 4419 1870 4459 τι

162 4516 244 4556 νεται
273 4488 449 4577 ὑπέρμορος.
496 4493 526 4562 ἐξ
555 4488 646 4557 αὑτοῦ
668 4489 701 4557 τό
725 4489 891 4579 οὐδέτερον.
938 4491 989 4558 καί
1042 4490 1148 4580 μόρος,
1180 4488 1197 4559 ὑ
1227 4495 1361 4560 συντιθὲν
1389 4497 1502 4582 γίνεται
1530 4492 1695 4582 ὑπέρμορυς
1719 4494 1763 4571 ,ιὺς
1785 4494 1869 4563 ὠκύ-

54 4650 57 4657 .
161 4592 198 4659 τοί
219 4592 406 4680 πληθυντικὰ
428 4590 593 4681 ὑπέρμορα.
633 4601 685 4660 40.
711 4595 762 4660 καί
782 4589 817 4660 δν
832 4593 939 4682 τρόπον
955 4595 988 4662 τὸ
1041 4623 1143 4684 μορυς,
1168 4592 1204 4664 ού
1224 4595 1382 4686 ούδέτερυν
1405 4596 1620 4687 τὺὑπέρμορον
1636 4598 1869 4685 καίπληθυντι·

162 4696 253 4763 καλόν
276 4698 327 4763 καί
350 4696 386 4763 τά
401 4695 481 4762 καλά
495 4699 569 4763 εἰσιν
587 4694 721 4784 ὀνόματα
737 4695 816 4765 ἀλλά
831 4699 882 4764 καί
898 4703 985 4787 ἐπιρ-
1040 4699 1091 4766 κόν
1114 4700 1152 4767 τά
1174 4699 1339 4789 ὑπέρμορα.
1386 4698 1435 4775 ιὺς
1455 4695 1507 4767 οὑν
1538 4701 1571 4768 τό
1600 4699 1679 4767 καλά
1701 4701 1751 4767 καί
1774 4697 1869 4790 ὀνομα

164 4799 301 4887 ρήματα,
331 4793 425 4874 οὑτως
451 4800 502 4865 καί
524 4806 611 4867 τοὺτο
637 4804 680 4875 είς
703 4798 835 4875 σύνταξιν
858 4806 987 4890 ἐπιρρη-
1041 4801 1120 4869 ἀλλὰ
1133 4803 1185 4868 καί
1197 4804 1348 4891 ἐπίρρημα
1366 4797 1404 4889 ,ἦ
1420 4830 1476 4890 μευ
1487 4802 1566 4870 καλά
1577 4802 1676 4893 πατὴρ
1690 4798 1728 4879 ὑς
1740 4805 1868 4891 κηδεσι“

164 4902 290 4989 ματικην
313 4901 506 4991 λαμβάνεται.
1043 4944 1081 4955 -
1106 4932 1122 4994 ρ
1146 4909 1206 4972 397
1234 4945 1270 4955 -
1295 4905 1345 4971 καί
1373 4906 1489 4986 ,πυκνά
1520 4904 1601 4993 μάλα
1631 4905 1802 4996 στενάχων
1830 4949 1869 4961 -

1041 5011 1065 5074 Σ
1081 5013 1143 5075 318
1168 5049 1208 5057 -
1231 5002 1325 5083 οὑτως
1340 5009 1391 5074 καί
1409 5007 1586 5098 ,ὑπέρμορα
1601 5008 1704 5085 νόστος
1719 5009 1867 5100 ἐτύχθη·’.

248 5127 325 5193 Quae
348 5128 453 5183 inserta
476 5131 558 5183 sunt:
583 5127 602 5197 ἢ
627 5128 665 5180 θιι
689 5129 793 5183 δύναται
816 5130 861 5183 κοί
884 5134 959 5183 τοῦτο
977 5131 1020 5182 καί
1038 5132 1067 5183 τὸ
1087 5129 1231 5202 ὑπέρμορον
1249 5132 1314 5183 κατά
1333 5130 1446 5184 διάλυσιν
1466 5131 1692 5202 ἀναγινώσκεσθαι,
1718 5132 1814 5201 δμοίως
1832 5135 1870 5202 τιρ

165 5211 250 5283 ,ὑπὲρ
268 5220 360 5284 μοῖραν
379 5215 457 5283 δόμον
476 5214 568 5272 ᾶίδοε·
589 5220 655 5267 sunt
672 5223 784 5284 sumpta
802 5232 837 5270 ex
856 5216 951 5270 adnot.
972 5216 1007 5269 ad
1028 5213 1107 5268 1911.
1128 5246 1162 5255 —
1180 5216 1302 5270 Cramer.
1323 5213 1431 5270 Anocd.
1451 5217 1474 5279 1,
1488 5220 1548 5279 119,
1564 5221 1580 5269 9
1598 5224 1629 5271 et
1644 5221 1706 5282 ⁴122,
1720 5222 1762 5271 32.
1790 5217 1868 5272 Eust.

165 5300 240 5359 1193,
262 5302 304 5352 58.
