4950 6578
901 2459 906 2465 ·
984 2443 1112 2491 „Herodian
1127 2444 1266 2484 wurdeeine
1280 2445 1372 2494 Quelle,
1390 2454 1431 2483 ιιι
1449 2443 1490 2483 der
1508 2444 1540 2482 sie
1560 2444 1604 2482 alle
1618 2442 1742 2492 aebiipllen.
1771 2440 1808 2481 Sir

984 2495 1112 2544 „stratones
1126 2507 1169 2535 nur
1181 2507 1209 2535 ιι
1223 2496 1255 2536 ιιι
1268 2497 1326 2536 ohne
1340 2496 1380 2535 ihu
1393 2507 1420 2535 ιι
1434 2502 1547 2536 neuneu··.
1704 2494 1779 2534 Lehra.

196 2756 365 2871 Quoniam
386 2805 491 2889 prima
512 2805 608 2871 buius
630 2806 829 2888 quaestionis
851 2812 952 2889 parte,
978 2826 1061 2887 quae
1084 2812 1134 2871 est
1147 2804 1189 2870 de
1204 2804 1414 2889 Etymologici
1429 2803 1538 2886 Magni
1552 2802 1702 2885 lentibus,
1728 2825 1809 2887 quo-

111 2909 205 2976 modo
227 2908 437 2992 Etymologus
459 2909 630 2975 Aristonici
661 2909 774 2973 librum
804 2905 871 2994 περὶ
889 2903 1083 2994 Ἀριστάρχου
1105 2909 1236 2993 σημείων
1254 2903 1388 2993 Ὁμήρου
1416 2907 1450 2972 in
1479 2926 1570 2972 suum
1597 2908 1806 2987 transtulerit,

111 3020 148 3078 ut
166 3011 251 3079 vires
273 3030 366 3077 meae
388 3012 540 3091 tulerunt,
566 3012 684 3076 abhinc
705 3018 772 3077 tres
794 3031 896 3076 annos
918 3009 1093 3093 ostendi*),
1119 3010 1183 3077 iam
1206 3031 1278 3077 cum
1301 3010 1377 3075 mihi
1400 3009 1619 3093 prooemiandi
1641 3008 1702 3077 hoe
1725 3031 1810 3076 anno

110 3134 224 3183 munus
246 3112 396 3197 obtigerit
418 3120 451 3178 et
473 3114 610 3180 libenter
632 3114 822 3200 arripuerim
844 3114 1062 3194 occasionem,
1093 3113 1134 3178 de
1156 3113 1340 3179 Herodiano
1362 3113 1463 3180 altero
1486 3113 1700 3197 Etymologici
1719 3108 1810 3179 ¹fonte

110 3236 262 3301 quaerere
282 3235 455 3298 exsequar.
501 3217 544 3283 Et
565 3237 605 3283 eo
627 3216 801 3282 studiosius
825 3217 884 3281 hoo
907 3217 1070 3299 negotium
1092 3217 1237 3301 suscepi,
1270 3216 1353 3299 quod
1381 3217 1442 3281 etsi
1469 3215 1547 3280 satis
1569 3215 1724 3299 intellego
1747 3236 1809 3281 non

109 3326 230 3387 anuum
252 3319 331 3385 mihi
352 3339 425 3385 esse
448 3319 500 3383 vel
521 3319 637 3384 virium
659 3320 711 3384 vel
734 3319 807 3400 otii,
840 3326 992 3401 quantum
1022 3318 1065 3383 ad
1087 3318 1162 3399 hoe,
1195 3317 1279 3401 quod
1300 3317 1407 3384 animo
1429 3318 1579 3402 concepi,
1610 3337 1691 3402 opus
1713 3318 1809 3402 plane

108 3420 337 3508 perficiendum
357 3420 539 3504 requiritur,
568 3422 659 3487 iuvat
680 3429 789 3488 tamen
812 3429 919 3487 ιιιιιι
940 3442 978 3488 ac
1000 3429 1065 3488 tam
1088 3440 1244 3506 operosae
1266 3421 1464 3505 quaestionis
1485 3420 1703 3501 fundamenta,
1729 3441 1811 3504 qua-

109 3526 279 3609 liacunque
301 3530 394 3604 suut,
419 3524 524 3590 iacere
547 3531 643 3606 atque
666 3525 821 3609 experiri,
848 3524 876 3590 si
900 3524 981 3592 forte
1002 3525 1084 3591 alies
1106 3545 1230 3609 quoque
1253 3525 1338 3590 viros
1360 3522 1470 3589 doctos
1492 3543 1692 3591 commovere
1714 3530 1747 3589 ιι
1768 3524 1810 3590 ad

111 3627 247 3695 eandem
272 3626 498 3711 cogitationem
528 3626 770 3712 suscipiendam
798 3628 939 3694 excitare
968 3627 1099 3712 possim.
1148 3628 1217 3711 Ego
1246 3628 1331 3694 enim
1354 3627 1480 3693 alienus
1502 3646 1572 3692 sum
1596 3627 1638 3693 ab
1660 3627 1809 3711 opinione

112 3736 169 3796 aut
190 3730 415 3797 consuetudine
438 3749 557 3812 eorum,
584 3730 638 3812 qui
661 3730 694 3794 in
717 3730 836 3795 talibus
859 3731 954 3796 rebus
977 3731 1082 3796 omnia
1105 3731 1272 3815 complecti
1296 3730 1407 3796 eodem
1430 3738 1570 3814 tempore
1585 3736 1618 3795 et
1632 3749 1697 3794 una
1711 3749 1810 3814 opera

113 3831 240 3914 volunt,
272 3830 357 3899 unde
383 3852 482 3917 saepe
511 3831 547 3898 fit
573 3839 608 3897 ιι
637 3831 716 3895 nihil
747 3831 888 3896 efficiant
915 3839 948 3897 et
975 3833 1086 3899 literae
1114 3834 1238 3898 nullum
1261 3832 1395 3899 fructum
1419 3853 1460 3899 ex
1482 3851 1589 3897 eorum
1612 3831 1756 3898 doctrina
1777 3840 1810 3899 et

109 3933 270 4001 industria
290 3933 428 4019 capiant.
470 3935 583 4000 Plures
605 3934 736 3998 veniant
758 3933 791 3996 in
813 3941 937 4017 partem
960 3936 1067 4019 operis
1089 3936 1197 4018 magni
1220 3943 1252 4001 et
1274 3934 1428 4005 difficilis:
1458 3955 1520 4018 ego
1542 3933 1627 4017 quod
1647 3932 1746 3999 habui
1767 3934 1809 4000 ad

109 4056 224 4103 manus
245 4036 322 4103 dedi
344 4043 376 4103 ct
395 4037 480 4119 quod
501 4057 560 4121 per
582 4043 709 4120 tempus
731 4036 821 4101 licuit
842 4036 915 4102 feci.
962 4039 1075 4120 ltaque
1098 4059 1169 4103 cum
1192 4038 1225 4103 in
1248 4058 1367 4120 magna
1392 4037 1533 4103 uruneris
1555 4036 1629 4103 nevi
1651 4037 1810 4120 ciliciique

108 4139 321 4224 occupatione
349 4161 412 4207 nou
441 4141 522 4206 satis
550 4137 701 4204 haberem
731 4139 788 4204 otii
816 4139 857 4205 ad
886 4159 941 4219 ea,
974 4160 1056 4222 quae
1085 4140 1136 4206 his
1158 4141 1327 4205 annalibus
1350 4140 1480 4206 scholae
1502 4140 1737 4224 praemissurus
1759 4140 1809 4205 in-

110 4241 321 4323 choaveram,
346 4243 454 4309 omnia
475 4241 691 4321 absolvenda,
717 4240 758 4307 de
781 4241 821 4307 iis
844 4241 937 4308 modo
960 4243 1049 4324 locis,
1076 4263 1155 4326 quos
1179 4263 1219 4308 ex
1241 4242 1415 4308 Herodiani
1437 4243 1539 4309 Iliaca
1560 4242 1711 4327 prosodia
1732 4242 1811 4328 Ety—

110 4345 256 4428 mologus
279 4351 444 4411 mutuatus
466 4351 526 4426 est,
552 4345 772 4427 quaestionem
795 4344 930 4410 institui.
977 4343 1041 4412 Sed
1064 4366 1104 4411 nc
1128 4345 1259 4410 nimium
1282 4346 1380 4429 longa
1402 4352 1546 4412 sumatur
1567 4345 1686 4423 oratio,
1712 4345 1753 4413 de
1776 4367 1811 4413 re

107 4447 183 4532 ipsa
203 4447 312 4514 dicere
333 4446 495 4531 incipiam.

194 4549 433 4629 Herodianum,
459 4570 521 4632 qua
543 4557 614 4616 erat
635 4549 845 4633 amplitudine
867 4557 964 4632 atquc
987 4552 1174 4617 auctoritate
1197 4551 1344 4617 omnibus
1366 4552 1578 4637 temporibus,
1604 4552 1811 4636 praecipuum

109 4652 212 4721 tuisse
240 4653 376 4732 fontem,
410 4650 452 4717 de
480 4672 542 4735 quo
571 4673 635 4718 non
663 4651 826 4718 minimam
854 4661 977 4738 partem
1006 4654 1142 4720 rivulum
1173 4673 1267 4719 suurn
1289 4652 1458 4721 deduxerit
1480 4655 1707 4741 Etymologus,
1739 4676 1811 4721 cum

110 4755 321 4839 posteriorum
343 4761 519 4839 temporum
542 4756 767 4840 grammaticos
790 4763 823 4822 et
844 4756 952 4841 copias
975 4758 1205 4822 uberrimarum
1229 4757 1401 4822 lenieorum
1425 4757 1610 4842 compilarat
1632 4758 1683 4823 vel
1706 4757 1812 4843 potius

111 4857 300 4942 compilatas
322 4878 378 4942 pro
401 4859 530 4925 arbitrie
545 4859 648 4925 denuo
663 4857 861 4944 discerperet
876 4860 1029 4941 novisque
1043 4859 1279 4925 adnotamentis
1295 4867 1508 4944 praetexeret,
1534 4860 1631 4926 etiam
1648 4860 1678 4926 ei
1694 4861 1809 4941 sciunt,

113 4958 168 5041 qui
187 4958 282 5026 buius
303 4960 377 5026 libri
399 4961 514 5028 melem
537 4962 688 5028 extremis
710 4961 821 5044 modo,
855 4970 890 5028 ιι
915 4962 1045 5041 dieitur,
1079 4962 1188 5046 digitis
1210 4962 1385 5045 attigerunt
1408 4969 1439 5028 et
1462 4962 1599 5029 indicem
1623 4964 1811 5047 scriptorum

197 5199 221 5261 'l
242 5198 284 5255 De
305 5200 491 5271 Etymologici
515 5201 608 5270 Magni
631 5202 763 5257 lontibus.
802 5201 919 5270 Scripsit
940 5203 1005 5258 Otto
1024 5203 1156 5257 Carnutb.
1183 5203 1305 5259 Berolini
1325 5200 1577 5257 uocccuxxm.
1617 5202 1707 5256 Prima
1731 5219 1809 5272 pars:

109 5280 256 5349 Quomodo
272 5285 456 5356 Etymologus
474 5284 625 5342 Aristonici
645 5287 744 5343 librum
763 5289 819 5359 περὶ
834 5284 1005 5360 Ἀριστάρχου
1024 5289 1136 5359 σημείων
1162 5290 1269 5361 ιιμήρου
1288 5290 1315 5342 iu
1334 5304 1413 5342 suum
1432 5289 1614 5343 transtulerit.

1592 5378 1599 5429 Ι
