4950 6578
1214 691 1251 754 13

1258 876 1398 958 δείαςέ),
1429 872 1517 941 οὐδὲν
1541 874 1574 940 δὲ
1597 876 1640 948 εἰς
1660 861 1725 953 οῖς,
1757 868 1832 956 ότιί)
1868 870 1908 959 μὴ
1940 869 2028 958 μόνον
2051 870 2083 939 τὸ

1258 979 1303 1054 οἷς
1324 979 1377 1046 καὶ
1398 976 1481 1065 παρὸ
1500 975 1640 1052 Ἀττικοῖς
1661 975 1694 1044 τὸ
1717 979 1855 1064 φδοῖςέ).

474 1109 489 1170 ¹)
511 1105 579 1159 haee
596 1103 682 1160 verba
698 1104 842 1173 usquead
859 1103 1024 1175 ἀναγνώσεως
1042 1103 1146 1158 desunt
1162 1102 1191 1156 in
1209 1102 1302 1172 Etym.
1348 1102 1368 1165 ²)
1389 1102 1425 1159 ὡς
1443 1099 1484 1162 ule
1502 1115 1556 1155 om.
1577 1098 1671 1170 Etym.
1716 1097 1843 1163 8γιιετδει
1859 1096 1903 1150 καί
1920 1127 1954 1136 -
1972 1096 2012 1150 ὄϊν
2029 1113 2086 1152 non

382 1194 512 1261 leguntur
529 1191 558 1243 in
575 1190 675 1252 Venet.
694 1185 731 1244 A.
768 1187 803 1243 cs.
825 1187 1132 1245 33301.v.adl237.
1170 1189 1189 1251 ⁴]
1210 1186 1279 1242 Ιιεοα
1297 1202 1385 1257 unque
1403 1186 1440 1241 ad
1456 1184 1495 1240 ὄϊν
1514 1201 1568 1240 om.
1588 1185 1681 1256 Etym.
1718 1186 1739 1251 ὓ)
1758 1186 1803 1238 καὶ
1820 1215 1854 1223 -
1871 1183 2012 1254 ἀνάγνωσιν
2030 1198 2085 1239 που

382 1279 466 1332 habet
482 1276 573 1346 Etym.
611 1277 631 1338 ⁰)
653 1274 746 1344 Etym.
766 1275 860 1330 addit:
882 1275 947 1329 ἔστιν
965 1275 1058 1345 είιρεῖν.
1095 1274 1175 1339 ηὸτι
1192 1273 1291 1329 venet.
1306 1268 1340 1326 Α.
1362 1272 1489 1345 elEtym.
1525 1272 1546 1336 ⁸]
1566 1267 1630 1343 παρ’
1647 1269 1775 1332 Ἀττικοῖς
1792 1272 1836 1327 καὶ
1853 1272 1882 1325 τὸ
1900 1270 1977 1344 ρδοῑς
1990 1269 2084 1343 Etym.

380 1393 414 1402 —
431 1363 474 1415 καὶ
491 1363 560 1434 παρὰ
577 1355 704 1420 Ἀττικοῖς
721 1361 750 1415 τὸ
769 1358 846 1434 ρδοῖς
863 1361 963 1417 Venet.
985 1356 1021 1416 Α.
1039 1391 1075 1400 -
1092 1357 1128 1416 cf.
1148 1359 1193 1416 Et.
1214 1358 1288 1415 Gud.
1309 1363 1368 1425 423,
1388 1363 1432 1414 46.

649 1653 689 1719 3.
714 1654 757 1720 ιι.
784 1656 857 1736 τοι,
885 1656 937 1721 33.
1187 1555 1259 1643 ’Μ’
1503 1655 1541 1719 ι..
1567 1652 1685 1720 Herod.
1713 1653 1737 1719 ιι
1760 1653 1834 1715 257.

384 1769 568 1863 ,ὸπατρος“;
597 1775 792 1859 ,κασίγνητος
814 1771 866 1836 καί
880 1764 1027 1859 ὸπατρος“
1047 1811 1085 1825 -
1103 1775 1128 1840 A
1145 1777 1206 1839 257
1263 1767 1449 1860 ,όπατρον“;
1483 1774 1647 1861 ψιλῶτέον,
1679 1769 1737 1859 οὐχ
1763 1766 1804 1845 ῶς
1827 1768 1940 1837 οἴονται
1961 1767 2012 1836 διὸ
2033 1766 2086 1856 τήν

384 1919 421 1928 -
447 1884 604 1967 ψιλοῶται·
629 1874 662 1943 τὸ
679 1864 698 1942 ὸ
715 1874 771 1963 πρὸ
793 1882 845 1942 τοῦ
862 1863 896 1955 π,
922 1873 962 1962 μή
986 1874 1064 1944 κατὰ
1085 1873 1208 1966 ἆναφυ-
1261 1873 1423 1964 συγκοπήν.
1470 1873 1569 1943 πολλὰ
1597 1873 1655 1963 γάρ
1686 1901 1761 1962 φασι
1787 1872 1838 1940 διὸ
1859 1873 1913 1960 τὴν
1937 1870 2087 1960 συγκαπὴν

383 1981 468 2070 ρικὴν
491 1982 626 2063 ἔννοιαν,
655 1984 812 2068 ψιλοῶται,
843 1976 949 2067 όπιὸρα
958 1983 994 2064 ¹).
1041 1975 1135 2055 οότως
1158 1980 1209 2046 καί
1262 1984 1434 2070 ψιλοδοδαι.
1454 2016 1455 2020 ,
1476 1980 1670 2064 ἀπεδείξαμεν
1694 1977 1728 2044 δὲ
1748 1974 1835 2065 ἡμεῖς
1850 1980 1882 2044 έν
1898 1979 2022 2065 ἑτέροις,
2047 1973 2088 2052 ῶς

383 2079 529 2172 όπατρος,
553 2081 637 2172 παρὸι
658 2081 690 2151 τὸ
713 2080 892 2171 ὸμόπατρος.
939 2080 972 2150 τὸ
996 2084 1028 2150 δὲ
1051 2080 1124 2170 ὸμός
1147 2111 1208 2170 σιγ-
1261 2083 1312 2151 καί
1341 2082 1510 2169 δασόνεται.
1564 2081 1730 2170 ἑστήκαμεν
1764 2087 1835 2168 γοῦν
1864 2080 1916 2147 καί
1946 2082 2086 2167 ἕσταμεν,

385 2190 484 2275 μαίνει
505 2186 538 2254 τὸ
558 2183 678 2274 δμοῖυς·
703 2186 765 2253 οἷον
791 2184 845 2267 ,οὸ
861 2185 918 2274 γὰρ
933 2182 1051 2253 πάντων
1067 2180 1119 2274 ἦεν
1135 2184 1208 2274 δμὸς
1254 2185 1420 2277 Ἡράκλεες
1434 2183 1600 2279 Ἥρακλες.
1639 2187 1668 2253 τί
1682 2178 1734 2253 οὖν
1750 2181 1895 2276 ἐκώλυεν,
1920 2186 1947 2251 εἰ
1962 2184 2014 2250 καί
2029 2181 2088 2251 ἀπὸ

329 2367 331 2370 ,
385 2289 493 2379 δρόος“
520 2329 558 2340 -
583 2292 607 2355 Δ
630 2295 691 2356 437
717 2328 768 2354 -.
814 2287 988 2377 πρόσκειται
1016 2287 1094 2357 κατὰ
1128 2288 1207 2357 ὸνα-
1260 2299 1312 2360 τοῦ
1328 2289 1496 2380 ὸμόπατρος
1511 2285 1560 2378 ἦν,
1584 2289 1617 2357 τὸ
1642 2287 1719 2357 κατὰ
1741 2287 1892 2376 συγκοπὴν
1914 2284 2003 2354 πόλιν
2028 2291 2088 2353 δα-

385 2393 511 2483 φορικιίγν
535 2391 640 2461 διὰτὸ
663 2391 782 2468 ὸπόσος.
830 2391 864 2459 τὸ
887 2390 964 2480 ὸπλή
987 2391 1163 2461 ἀντιπίπτει.
1261 2392 1420 2474 σόνεσδαι;
1448 2388 1569 2480 ἄμεινον
1592 2386 1646 2459 οόν
1669 2395 1767 2480 λέγειν
1789 2388 1835 2458 ότι
1850 2389 1979 2480 ριλεῖτὸ
1997 2378 2015 2457 ο
2031 2389 2089 2480 πρὸ

1217 2548 1220 2555 -
1262 2505 1315 2565 τοῦ
1331 2486 1354 2564 π
1371 2497 1506 2584 κείμενον
1530 2495 1570 2589 μὴ
1595 2494 1671 2562 κατὰ
1695 2493 1882 2585 όιναφορικὴν
1899 2495 2017 2561 ἔννοιαν
2033 2503 2089 2582 ψι-

1262 2604 1403 2683 λοῶσδαι,
1428 2596 1573 2681 όπιπεόοι,
1599 2597 1670 2687 ὁτιή,
1687 2596 1794 2686 ὸπιόρα
1806 2601 1840 2683 ¹).
1880 2596 1963 2684 παρὸ
1977 2596 2011 2665 τὸ
2026 2599 2089 2664 ἕπον

1263 2701 1462 2791 δασυνόμενον
1495 2701 1672 2792 ψιλοόμενον
1695 2704 1813 2790 ἐγένετο
1835 2698 1949 2769 ὸπάοιν.
1996 2696 2090 2775 οότοις

1262 2802 1313 2876 οὖν
1336 2809 1403 2897 ἔχει
1424 2806 1475 2874 καί
1495 2805 1529 2875 τὸ
1552 2800 1692 2897 όπατρυς.
1730 2806 1907 2894 προσέθηκα
1922 2805 1956 2871 δὲ
1980 2806 2027 2884 ,εἰ
2048 2801 2089 2890 μὴ

1263 2910 1431 3000 ἁναφορικὴ
1461 2913 1615 2998 σημασία“
1648 2908 1698 2977 διὸ
1727 2908 1760 2976 τὸ
1788 2906 1907 2985 ὸποῖος,
1932 2903 2012 2982 όποις
2039 2905 2090 2972 καί

1261 3015 1298 3082 τὸ
1323 3023 1459 3083 τοιαῦτα.
1515 3013 1678 3081 ἀντιπίπτει
1701 3015 1734 3079 δὲ
1755 3020 1799 3101 τῷ
1819 3013 2006 3101 προκειμένῳ
2029 3036 2089 3076 κα-

1262 3120 1326 3185 νόνι
1346 3117 1379 3186 τὸ
1402 3116 1479 3206 ὸπλιίγ
1504 3118 1555 3184 καί
1577 3116 1610 3185 τὸ
1635 3113 1726 3184 όπλον
1755 3115 1807 3182 καί
1831 3114 1871 3183 τὸ
1899 3113 1957 3183 ὸπὸ
1979 3112 2090 3182 τοότοιν

1262 3225 1450 3311 παρηγμένα.

476 3344 492 3405 ¹)
513 3342 581 3398 Cod.
602 3342 636 3398 V.
657 3342 742 3399 habet
760 3349 791 3398 ut
808 3342 906 3398 venet.
928 3340 969 3397 A:
990 3343 1113 3405 δπιπτύω,
1134 3343 1194 3414 ὀπὴ,
1217 3344 1313 3416 ὀπώρα.
1334 3375 1368 3383 -
1385 3344 1464 3400 Euat.
1488 3345 1547 3410 843,
1567 3345 1590 3395 9.
1630 3341 1720 3397 Valde
1738 3346 1804 3396 suut
1821 3342 1974 3397 decurtata.

653 3637 692 3701 υ.
717 3635 760 3700 M.
787 3638 861 3715 636,
888 3638 940 3700 33.
1214 3539 1264 3599 ιδ’
1509 3636 1546 3701 ι..
1572 3634 1692 3701 Herod.
1717 3596 1743 3698 υ
1766 3637 1840 3698 491.

389 3752 572 3833 ,ὸτέοισιν“;
595 3751 722 3829 Ἰλιάδος
741 3753 766 3820 α’
785 3793 823 3804 -
841 3759 898 3820 491
922 3794 958 3804 -
984 3753 1047 3821 ἀντί
1070 3761 1122 3822 τοδ
1144 3755 1214 3822 οἷο·
1266 3753 1300 3822 τὸ
1333 3748 1466 3835 ,ότοισι“
1494 3750 1691 3842 τρισόλλαβον
1720 3751 1768 3819 ἐπί
1795 3751 1848 3840 τὴν
1876 3752 1996 3841 πρώτην
2026 3752 2093 3840 ἔχει

386 3885 457 3923 τισι.
507 3857 540 3925 τὸ
573 3854 668 3924 δτοισι
701 3854 897 3946 τριοόλλαβον
933 3856 981 3923 ἐπὶ
1013 3855 1065 3944 τήν
1094 3857 1214 3946 πρώτην
1267 3856 1420 3946 συλλαβὴν
1442 3856 1495 3945 τὴν
1517 3855 1628 3938 ὸξεῖαν,
1651 3856 1685 3924 τὸ
1708 3860 1808 3945 μέντοι
1830 3853 1957 3923 ὁτέοισιν
1980 3853 2090 3935 οόκέτι,

387 3961 454 4048 ἔχει
476 3959 525 4027 τὸν
547 3957 644 4028 τόνον.
689 3959 722 4027 τὸ
746 3961 779 4026 δὲ
801 3957 927 4028 ὁτέοισιν
950 3958 1068 4028 οὸκέτι·
1267 3961 1332 4028 ἐπεί
1353 3955 1467 4049 ἤμελλε
1488 3959 1612 4048 τετάρτη
1637 3959 1695 4028 ἀπὸ
1713 3963 1816 4035 τέλους
1831 3961 1946 4026 πίπτειν
1961 3958 1981 4047 ἡ
1998 3957 2090 4033 ὀξεῖα.

1269 4064 1315 4132 διὸ
1338 4064 1385 4131 ἐπί
1407 4063 1460 4151 τὴν
1484 4068 1625 4152 δευτέραν
1642 4061 1701 4130 ἀπὸ
1716 4070 1769 4150 τῆς
1785 4061 1937 4151 ἀρχοόσης
1954 4065 2090 4150 μετέστη.

654 4356 693 4421 ιο.
718 4358 761 4422 ιι.
788 4358 862 4437 337,
889 4359 941 4422 31.
1214 4260 1264 4321 ω’
1390 4422 1391 4425 ¹
1514 4358 1553 4424 L.
1578 4356 1697 4424 Herod.
1722 4352 1748 4422 υ
1771 4360 1845 4422 353.

390 4472 464 4554 ,οὐκ
486 4474 559 4540 ἔα“;
590 4479 687 4562 ,τρεῖν
703 4473 735 4560 μ’
756 4473 810 4543 οόκ
825 4476 863 4541 ἔα
880 4474 1004 4550 Παλλὰς
1017 4474 1148 4564 Ἀδήνη“
1172 4515 1212 4526 -·
1270 4479 1362 4559 ,έαίέε
1391 4480 1583 4545 συστέλλεται
1603 4474 1637 4543 τὸ
1661 4491 1680 4542 α
1702 4475 1754 4541 καί
1775 4473 1946 4564 βαρόνεται.
1982 4474 2016 4542 τὸ
2038 4475 2092 4562 μὲν

383 4575 512 4652 Ἰλιάδος
534 4575 559 4644 ε’
583 4583 646 4645 256
667 4617 720 4643 —.
758 4582 950 4646 συστέλλεται
963 4577 997 4646 τὸ
1013 4593 1033 4645 ἄ
1049 4580 1100 4645 καί
1116 4577 1214 4667 βαρό-
1267 4575 1320 4650 οόν
1348 4582 1464 4656 ἐντελές
1490 4587 1541 4647 τοῦ
1564 4578 1724 4655 ἐνεστῶτος
1746 4583 1824 4646 ἐστιν
1846 4584 1908 4660 δῶ,
1939 4583 2010 4666 ἐᾷς,
2041 4582 2091 4666 ἑᾷ,
2128 4642 2133 4652 ,

388 4707 480 4748 νεται.
528 4679 562 4749 τὸ
591 4682 644 4768 μὲν
657 4675 720 4748 ὀὖν
742 4683 858 4757 ἐντελὲς
879 4689 932 4750 ταῶ
954 4685 1114 4758 ἐνεστῶτος
1136 4683 1214 4750 ἐστίν
1268 4712 1319 4752 συν
1342 4691 1385 4773 τῷ
1405 4702 1418 4750 ἱ
1440 4681 1630 4772 γραφόμενον
1653 4681 1726 4768 ῶςῑ)
1751 4690 1848 4769 τιμῶ,
1877 4689 1983 4770 τιμᾷς,
2007 4690 2090 4770 τιμᾷ.

389 4788 449 4864 ἐῶ,
477 4787 550 4871 ἐᾷς,
581 4788 617 4872 ἐᾷ
641 4784 715 4870 μετὰ
735 4792 789 4852 τοῦ
811 4805 833 4853 ῑ.
880 4792 932 4853 τοῦ
956 4787 989 4852 δὲ
1011 4794 1215 4875 παρατατικοῶ
1266 4794 1318 4855 τοῶ
1341 4790 1375 4854 δὲ
1397 4793 1600 4876 παρατατικοῶ
1623 4785 1712 4868 εἴοιν,
1744 4786 1827 4867 εἴας,
1858 4786 1908 4853 ε’ία
1937 4785 1973 4854 οό
1994 4813 2093 4874 προσ-

389 4886 470 4968 είων,
495 4885 571 4965 εἴας,
597 4887 657 4970 εἴα,
682 4886 717 4956 οδ
741 4888 815 4975 μετὰ
823 4893 845 4976 ²)
872 4896 924 4957 τοῦ
940 4908 961 4957 ῖ.
1002 4890 1054 4956 καί
1068 4888 1102 4957 τὸ
1116 4916 1214 4978 προσ·
1267 4893 1488 4979 γραφομένουί)
1514 4897 1601 4958 τοδῑ
1632 4884 1718 4976 „063
1754 4888 1785 4976 μ’
1813 4889 1877 4965 εἴας
1905 4891 2092 4978 μακάρεσσι“

388 4989 524 5057 τακτικὸν
546 4992 594 5057 ἔα.
642 4995 669 5057 εἰ
691 4993 788 5059 τοίνυν
818 4992 880 5060 ἐστὶ
906 4999 1021 5061 τοιαῦτα
1050 4991 1083 5060 τὸ
1116 4997 1213 5081 ,τρεῖν
1265 5035 1308 5046 -
1323 4999 1385 5061 819
1401 5034 1454 5060 -.
1498 4994 1550 5060 καί
1564 4993 1597 5060 τὸ
1612 4995 1709 5082 τρίτον
1732 4997 1765 5059 ἐν
1785 4993 1902 5081 Ἰιυνικῇ
1923 5001 2090 5082 παραγωγῇ

391 5090 420 5177 μ’
445 5092 499 5160 οόκ
521 5095 577 5160 ἔα“
603 5093 692 5181 μόνον
716 5093 880 5185 συνεστάλη
902 5094 985 5178 τὸᾶ,
1009 5098 1062 5164 καί
1076 5094 1093 5163 δ
1108 5123 1212 5187 παρα·
1268 5097 1337 5179 ,τὸν
1360 5096 1391 5164 δ’
1416 5092 1481 5164 οὔτι
1502 5095 1602 5185 πατὴρ
1616 5096 1719 5163 εἴασκε
1735 5094 1908 5185 μάχεοδαι“
1935 5136 1973 5146 -
1990 5097 2016 5162 Υ
2032 5102 2093 5163 408

390 5195 507 5272 τατικός
529 5200 607 5265 ἐστιν
631 5196 811 5285 ίαοδόναμος
833 5206 905 5290 τῷί)
932 5205 1091 5269 ἐνεστῶτι·
1129 5206 1157 5267 εἰ
1181 5203 1214 5269 δέ
1266 5241 1309 5266 .-
1331 5200 1382 5268 καί
1402 5199 1508 5280 ,τόνδε
1523 5199 1554 5265 δ’
1573 5201 1699 5266 ἔασκεν“
1719 5239 1755 5248 -
1774 5200 1800 5265 Ω
1819 5205 1855 5264 17
1875 5238 1913 5250 -
1930 5200 1982 5266 καί
1996 5227 2094 5288 προο-

389 5298 515 5376 ἐνεστυίς
536 5304 635 5385 ἐστιν,
668 5302 715 5370 ἀεὶ
736 5311 946 5393 περιοπᾶταιθ)
981 5305 1032 5372 καί
1060 5305 1112 5373 σὸν
1138 5313 1214 5394 τῷῑ
1265 5303 1403 5373 τακτικὸν
1430 5303 1522 5385 ,ἀλλ’
1540 5305 1578 5370 ἔα
1600 5299 1642 5379 ῶς
1665 5307 1694 5370 οἱ
1708 5309 1831 5393 πρῶτα“
1858 5343 1895 5353 -
1914 5304 1941 5370 Α
1959 5309 2021 5371 276
2040 5343 2090 5369 —.
