4950 6578
998 684 1036 745 17

1040 865 1163 947 άνακός,
1188 865 1359 956 φαρμακός,
1384 865 1528 956 φυλακάς.
1568 864 1606 933 τὰ
1629 864 1686 954 γὰρ
1701 862 1790 954 κόρια
1806 867 1867 952 βα-

939 984 941 988 ’
1040 970 1171 1060 ρόνεται,
1196 969 1350 1051 Φόλακος,
1375 966 1525 1045 Αόλακσς.

249 1067 311 1123 Non
329 1078 418 1134 ριιιοε
436 1062 637 1119 intereiderunt
654 1062 683 1117 in
700 1063 735 1118 Ε.
753 1061 790 1116 Μ.

439 1338 479 1403 Ε.
503 1339 546 1404 Μ.
573 1340 647 1420 802,
676 1343 705 1402 1.
985 1236 1038 1298 26.
1286 1335 1323 1399 L.
1349 1334 1468 1400 Herod.
1494 1333 1519 1397 0
1544 1337 1617 1398 335.

164 1457 332 1546 ,Φυλάκη“
362 1456 449 1533 πόλις
476 1458 664 1537 Θεσσαλίας,
696 1451 884 1544 βαρυτόνως,
913 1452 988 1543 πρὸς
1042 1450 1210 1540 ,Φυλάκηίί
1234 1450 1319 1527 πόλις
1335 1454 1516 1534 Θεσσαλίας,
1541 1449 1710 1540 βαρυτόνως
1731 1452 1764 1517 δέ
1788 1448 1866 1517 αἰνα-

161 1547 463 1649 όντιδιαατολθρι-τοδ
487 1565 608 1648 δεσμοῦ.
1039 1558 1187 1643 γνωστέον
1210 1554 1251 1630 ὡς
1272 1554 1389 1644 Ἰθάκη,
1414 1554 1456 1631 ὡς
1477 1556 1550 1645 πρὸς
1574 1553 1799 1641 άντιδιαστολην
1815 1563 1866 1620 τοῦ

1041 1660 1258 1747 δεσμωτηρίου.

246 1751 283 1807 es.
303 1752 336 1807 L.
356 1751 460 1808 Herod.
479 1750 516 1806 ad
533 1749 557 1803 B
575 1751 635 1802 695.

429 2023 469 2089 τι.
494 2023 539 2090 ιι.
565 1983 639 2104 eui,
665 2026 717 2088 ιε.
987 1922 1039 1984 π
1286 2021 1325 2086 L.
1350 2019 1469 2088 nemu.
1495 2017 1520 2086 0
1544 2023 1618 2084 τοι.

165 2142 361 2225 ,ὥκυάλου“;
389 2141 438 2210 έπί
459 2141 539 2230 νηός.
583 2139 700 2230 ἡόιλός
723 2139 839 2229 γενικη,
863 2140 913 2207 έπί
935 2141 988 2228 μέν
1043 2139 1238 2221 ,ὠκυάλου“;
1275 2140 1427 2228 έφίλωσαν
1449 2138 1482 2206 τδ
1505 2146 1545 2221 ᾰ,
1567 2137 1753 2227 παραγωγὴν
1777 2137 1867 2214 δεξά-

164 2251 273 2338 κυρίων
297 2249 505 2335 συντιθεμένη,
530 2245 617 2335 ψιλὸν
641 2244 786 2334 ἀποφέρει
805 2244 838 2312 τὸ
853 2251 985 2331 πνεδμα·
1042 2271 1125 2330 μενοι
1146 2242 1198 2310 καί
1220 2240 1255 2311 οὐ
1278 2241 1427 2311 σόνθεσιν.
1470 2243 1522 2310 καί
1544 2238 1638 2318 οθτως
1659 2242 1679 2331 ἡ
1702 2240 1867 2330 παράδοσις

162 2352 225 2418 οἷον
241 2348 397 2439 Εόρόαλος
408 2356 444 2438 ¹).
484 2350 533 2416 ἐπί
549 2351 582 2416 δὲ
598 2352 737 2416 ἐπιθέτου
758 2348 791 2416 τὸ
815 2349 890 2415 ἴδιον
905 2352 991 2436 τηρεῖ
1041 2349 1177 2434 ἐπείσθη.
1225 2347 1276 2413 καί
1298 2345 1379 2435 τάχα
1402 2345 1466 2413 ἐπεὶ
1489 2347 1581 2433 μηδὲν
1606 2341 1681 2414 ἄλλο
1703 2341 1724 2434 ἢ
1746 2344 1780 2413 τό
1803 2344 1867 2413 ιθκθ

161 2463 294 2542 πνεῦμα·
315 2458 366 2536 ,έν
379 2451 524 2542 ἀμφιάλῳ
536 2450 683 2542 Ἰθάκη“·
701 2449 827 2542 όφαλος,
840 2448 985 2540 πάρόιλος.
1041 2454 1076 2516 ἐκ
1096 2458 1148 2538 τῆς
1171 2453 1278 2525 λέξεως
1301 2452 1495 2537 σημαίνεται·
1519 2447 1539 2537 ἡ
1563 2451 1597 2516 δέ
1620 2447 1692 2525 ἁλός
1713 2448 1816 2538 γενικὴ
1834 2453 1866 2516 έν

161 2562 189 2626 εί
204 2552 255 2626 οὖν
272 2559 323 2625 καί
337 2564 423 2625 τοῦτο
439 2559 574 2624 ἐπίθετον
591 2551 636 2636 όν,
662 2550 775 2644 ὤφειλε
791 2552 986 2632 δασύνεσθαι,
1040 2582 1076 2642 τη
1108 2557 1247 2621 συνθέσει
1276 2554 1325 2619 ἐπί
1355 2555 1407 2640 μέν
1438 2555 1547 2642 κυρίων
1574 2551 1661 2641 ψιλὸν
1684 2551 1867 2642 ἀποφέρεται

162 2661 244 2750 εἴπερ
265 2656 304 2749 ἦν
328 2658 479 2728 σόνθετον.
527 2667 578 2728 νδν
609 2661 642 2726 δὲ
667 2658 853 2749 παραγωγὴν
883 2660 987 2747 ἔλαβε,
1040 2656 1073 2724 τὸ
1095 2665 1230 2745 πνεῦμα,
1255 2654 1429 2745 Εὐρύαλος,
1452 2655 1630 2746 Ἀμφίαλος,
1651 2654 1865 2743 Ἀστόαλοςί)·

161 2771 213 2853 τῆς
230 2761 302 2840 άλός
317 2762 394 2831 κατὰ
408 2763 562 2851 παρολκὴν
578 2765 727 2851 κειμένης.
768 2761 814 2829 διδ
836 2764 988 2851 ἐψίλωσαν
1040 2761 1088 2827 ἐπὶ
1112 2762 1146 2827 δέ
1168 2763 1344 2828 ἐπιτεθικιῖιν
1366 2759 1399 2827 τὸ
1422 2759 1498 2827 ἰ’διόν
1520 2763 1605 2848 τηρεῖ
1626 2767 1743 2847 πνεῦμα
1767 2765 1866 2840 ,πολ-

161 2867 195 2936 τό
218 2875 250 2948 ο“ι,
273 2865 458 2957 παραγωγὴν
481 2865 683 2955 ἐκδεξάμενοι,
706 2866 758 2934 καί
781 2864 816 2932 οὗ
835 2864 985 2934 σύνθεσιν.
1040 2864 1091 2932 λαί
1114 2867 1146 2931 έν
1170 2861 1314 2953 ἀμφιάλῳ
1333 2861 1438 2952 Ἰθάκη
1463 2901 1502 2914 -
1519 2890 1539 2929 α
1555 2867 1617 2929 395
1636 2900 1673 2911 -
1700 2860 1866 2952 ,ἀγχίαλόν

1039 2966 1069 3036 τ’
1090 2966 1258 3058 Ἀντρῶνα“
1286 3007 1324 3018 -
1349 2967 1375 3035 B
1399 2973 1459 3034 697
1486 3004 1538 3049 -,
1563 2962 1690 3056 θφαλος,
1719 2962 1867 3034 ὥστεκαὶ

1039 3070 1118 3139 κατά
1138 3079 1225 3140 τοῦτο
1249 3073 1407 3159 ἐλέγχεται
1429 3070 1462 3137 τὸ
1486 3067 1623 3146 ὠκόαλος
1645 3067 1834 3158 ψιλοόμενον.

252 3196 269 3258 ¹)
290 3194 345 3250 HV
363 3194 443 3250 eodd.
463 3194 572 3249 addunt
588 3192 741 3259 Ἀστύαλος,
767 3193 842 3264 quod
860 3192 1038 3249 Geieserdiuu
1061 3193 1163 3249 eolletu
1182 3193 1333 3249 Herodieui
1357 3194 1554 3250 αδυυυιιυουιο
1571 3192 1600 3247 in
1619 3196 1726 3247 textum
1744 3191 1867 3261 ιεοίροτε

94 3343 101 3357 ⁴
164 3279 270 3336 debuit.
290 3309 326 3318 -
342 3278 547 3336 Sententiarum
565 3281 634 3336 ordo
649 3280 680 3335 iu
698 3279 792 3351 Etym.
812 3279 848 3336 Μ.
869 3279 998 3336 turbetue
1015 3284 1067 3335 eet.

976 3586 1050 3654 111.

251 3761 432 3843 Sequuntur
453 3759 477 3825 ii
498 3760 621 3843 lucif
646 3779 797 3827 numerus
820 3779 927 3826 eorum
949 3760 1045 3843 longe
1068 3759 1227 3827 maximus
1249 3766 1363 3827 est-
1385 3759 1440 3826 ubi
1461 3759 1663 3826 Herodianus
1692 3779 1732 3826 ex
1758 3761 1868 3827 multis

165 3862 300 3929 eliorum
323 3861 418 3944 notis,
443 3861 559 3945 quibus
581 3862 732 3928 confusus
754 3869 832 3944 erat,
858 3881 916 3947 ρει
939 3881 989 3929 me
1011 3869 1061 3929 est
1083 3871 1252 3948 exemptus
1275 3868 1307 3929 et
1328 3871 1489 3930 exsectus.

1001 4055 1028 4116 ί.

446 4154 486 4218 Ε.
510 4153 553 4217 Μ.
579 4157 631 4236 42,
659 4155 712 4218 38.
1291 4155 1328 4219 L.
1353 4153 1473 4221 Herod.
1499 4154 1521 4218 Γ
1544 4158 1618 4220 219.

168 4264 321 4358 ,άϊδρις“;
344 4320 351 4335 .
372 4320 379 4335 .
397 4321 404 4336 .
422 4268 561 4358 ἡγενικὴ
577 4269 716 4361 σίΐδριως,
736 4269 778 4348 ὡς
793 4267 861 4362 όφις
877 4266 986 4362 όφεως.
1045 4270 1162 4359 ,άίδρεῖ
1190 4240 1266 4361 φάτί
1294 4271 1437 4348 έοικοίς“;
1480 4271 1577 4361 ἇίδρεϊ
1604 4272 1866 4362 προπαροξυτόνως

165 4371 217 4438 καί
247 4368 345 4459 ἆίδριϊ
371 4372 423 4440 καί
451 4371 559 4462 ἆίδρει.
605 4372 642 4442 οό
663 4373 722 4464 γάρ
745 4379 791 4442 δεῖ
813 4374 864 4442 διὰ
883 4384 936 4443 τοῦ
956 4365 986 4442 δ.
1042 4372 1085 4450 ὡς
1109 4373 1162 4442 ἀπ’
1182 4374 1301 4452 εὐθείας
1315 4383 1369 4465 τῆς
1385 4371 1492 4465 ἄϊδρις.
1535 4373 1657 4465 ,χοίρου
1673 4371 1772 4466 ἄϊδρις
1786 4376 1864 4444 έιόω*

165 4469 201 4544 οό
223 4475 282 4563 γάρ
305 4477 369 4541 ἐστι
389 4472 569 4564 παράνομον
598 4483 700 4566 μακρᾷ
725 4477 987 4567 παραληγόμενον.
1045 4515 1083 4528 -
1106 4505 1125 4545 κ
1148 4483 1211 4546 282
1235 4517 1286 4544 -.
1332 4478 1442 4567 ταότης
1472 4479 1505 4545 δέ
1533 4485 1587 4567 τῆς
1608 4477 1729 4556 ιόθείας
1751 4479 1866 4570 ὀφείλει

165 4573 243 4646 ὥστε
266 4576 430 4666 ἁμάρτημα
452 4577 485 4646 τό
506 4578 590 4669 παρὰ
610 4587 647 4669 τῇ
671 4582 792 4671 Σαπφοῖ
807 4581 989 4672 πολυίδριδι,
1042 4581 1146 4671 γενικὴ
1174 4584 1324 4651 έκπίπτειν
1356 4581 1493 4672 ιἰίδρεος,
1523 4583 1576 4649 καί
1598 4581 1704 4673 ἆίδρεϊ.
1727 4583 1787 4652 -οό
1808 4584 1866 4674 γὰρ

165 4681 217 4748 καί
239 4680 322 4770 παρὰ
344 4682 493 4772 Σοφοκλεῖ
514 4683 632 4773 ἴδριδα,
663 4684 714 4752 καί
742 4684 825 4775 παρὰ
847 4687 991 4776 Φρυνίχῳ
1044 4684 1082 4774 δή
1103 4713 1139 4774 γε
1162 4685 1213 4754 διά
1227 4693 1279 4754 τοῦ
1296 4676 1324 4752 δ.
1370 4684 1407 4754 οό
1420 4685 1478 4775 γάρ
1493 4689 1556 4753 ἐστι
1569 4684 1750 4776 παράνομον
1766 4695 1868 4778 μακρᾷ

166 4785 287 4873 ἴδριδες.
334 4781 429 4860 οότως
463 4779 549 4874 εὖρον
583 4784 705 4876 σχόλιον
739 4789 772 4854 έν
801 4786 991 4877 ὑπομνήματι
1041 4786 1309 4878 παραληγόμενον·
1344 4787 1414 4858 ἀλλ’
1441 4786 1484 4865 e<
1504 4788 1538 4857 τὸ
1561 4790 1638 4880 ἔχις,
1660 4788 1759 4872 πόσις,
1783 4785 1865 4882 όφις,

163 4885 408 4963 Ἰλιάδος
895 4940 897 4945 -
1043 4886 1137 4968 οότως
1159 4890 1277 4982 όφιίλιι
1297 4894 1464 4961 κλίνισθαι.
1504 4887 1581 4961 ὥστε
1603 4895 1638 4961 έκ
1658 4901 1711 4963 τοῦ
1733 4894 1868 4965 έναντίόυ

1044 4992 1207 5084 ἁμάρτημα
1234 4994 1268 5064 τό
1296 4995 1438 5086 παρὰτῇ
1463 4998 1583 5087 Σαπφοῖ
1589 5050 1599 5080 ,
1630 4997 1664 5065 τὸ
1685 5001 1865 5088 πολοίδριδι,

1042 5101 1070 5167 εί
1092 5097 1134 5187 μὴ
1157 5093 1218 5188 άρα
1239 5096 1351 5187 δμοίως
1372 5103 1434 5176 τοῖς
1450 5098 1590 5177 Ἀττικοῖς
1611 5103 1730 5189 έκλίθη.
1769 5100 1786 5169 ‘e
1809 5102 1867 5193 γὰρ

1042 5202 1200 5292 Σοφοκλῆς
1221 5202 1322 5293 ίδριδα
1342 5204 1404 5294 έφη
1423 5202 1481 5292 τήν
1495 5203 1675 5293 αίτιαεικήν,
1698 5201 1763 5273 ότι
1777 5204 1867 5296 Φρό-

1041 5332 1125 5396 νιχος
1145 5305 1200 5375 τίν
1222 5305 1344 5376 εὐθεῖαν
1365 5306 1497 5396 ἶδριδις·
1522 5309 1638 5397 γένοιτο
1659 5302 1747 5398 οὖνὴ
1763 5308 1866 5398 δοτικὴ

1522 5442 1539 5469 0
1643 5412 1661 5467 θ
