4950 6578
1452 664 1608 734 20,

1448 852 1498 913 12.

888 966 927 1032 Ε.
952 967 996 1033 Μ.
1023 970 1097 1050 308,
1127 972 1178 1034 11.
1744 969 1782 1033 L.
1807 967 1927 1034 Herod.
1955 965 2079 1032 3831.

622 1089 787 1165 ,,ἔασκεν“;
818 1137 852 1150 ..
874 1137 881 1151 .
899 1084 933 1152 τό
949 1084 1061 1152 οἱκατὰ
1077 1085 1238 1172 συστολήν·
1264 1085 1301 1153 τὰ
1323 1087 1381 1174 γάρ
1398 1087 1448 1153 διά
1500 1082 1594 1161 οὕτως
1616 1084 1649 1152 τὸ
1673 1101 1693 1151 ἃ
1715 1092 1767 1152 τοῦ
1792 1087 1921 1166 ,ἔασκε“
1945 1084 2023 1152 κατά
2045 1081 2207 1171 συστολήν·
2232 1080 2329 1160 οότοις

620 1197 672 1257 τοῦ
696 1179 759 1257 σ’κώ
780 1192 959 1276 παρηγμένα
977 1187 1096 1255 Ἰωνικὰ
1125 1193 1269 1278 βραχεῖαν
1299 1190 1365 1277 ἔχει
1395 1188 1447 1276 τήν
1501 1187 1552 1255 καὶ
1579 1187 1697 1265 πάντες.
1755 1186 1792 1255 τά
1820 1186 1877 1276 γὰρ
1908 1187 1959 1255 διά
1986 1195 2038 1255 τοῦ
2066 1175 2119 1254 οἶά
2148 1190 2329 1274 παρηγμένα

621 1292 866 1382 παραλήγουσαν.
1494 1291 1600 1368 Ἰακῶς
1623 1295 1767 1380 βραχεῖαν
1790 1293 1857 1380 ἔχει
1879 1291 1931 1379 τήν
1953 1288 2202 1379 παραλήγουσαν.
2246 1287 2327 1371 „0362

1500 1398 1533 1461 δέ
1555 1421 1598 1470 τις
1621 1405 1759 1462 ειπεσκε“
1784 1399 1962 1460 -271-
1987 1393 2037 1462 καὶ
2061 1392 2134 1482 ,τήν
2157 1391 2244 1470 αότδς
2260 1421 2322 1483 φο-

1503 1501 1625 1586 ρέεσκε“
1650 1538 1691 1548 -
1715 1497 1741 1565 0
1764 1503 1827 1564 616
1848 1538 1903 1562 -.

1266 1826 1270 1834 .
1302 1806 1306 1830 ι
1448 1779 1498 1839 13.

887 1893 1175 1974 11.11.311,11.
1271 1844 1303 1881 ³
1754 1895 1790 1960 ο.
1817 1891 1938 1959 Herod.
1964 1890 2104 1958 Κατ,

621 2010 863 2102 ,ἐγρήγορθαι“;
903 2063 908 2074 .
938 2063 944 2074 .
974 2062 980 2075 .
1010 2063 1016 2075 .
1044 2005 1156 2099 ώῳειλε
1178 2010 1398 2099 παροξύνεσθαι
1410 2018 1445 2098 ¹),
1503 2009 1743 2100 ,ἐγρήγορθαι“;
1777 2011 1811 2080 τό
1839 2010 2026 2100 ἐγρήγορθαι
2054 2011 2224 2098 ἀνέγνωμεν
2247 2035 2329 2098 προ-

619 2115 678 2183 εἴτε
702 2112 836 2203 συγκοπή
860 2118 923 2180 ἐστι
944 2122 1016 2215 το-ῖι-
1013 2116 1222 2203 ἐγρηγορέναι,
1247 2113 1307 2182 εἴτε
1322 2113 1380 2182 ἀπὸ
1397 2123 1448 2184 τοῦ
1500 2112 1725 2204 παροίόνοντες,
1749 2115 1804 2183 οόκ
1826 2119 1920 2206 ἐχρῆν
1943 2117 1988 2182 δι’.
2031 2113 2091 2182 εἴτε
2112 2113 2169 2203 γάρ
2193 2114 2326 2201 συγκοπή

500 2227 502 2231 ‘
619 2220 741 2307 ἐγείραι·
779 2215 825 2285 ότι
846 2217 884 2284 τά
906 2221 948 2293 εἰς
967 2224 1020 2284 θαι
1035 2216 1251 2309 ἀπαρέμρατα,
1268 2220 1377 2307 ἔχοντα
1392 2219 1449 2308 πρὸ
1500 2222 1564 2285 ἐστι
1591 2226 1643 2286 τοῦ
1672 2221 1886 2308 ἐγρηγορέναι,
1915 2217 1975 2286 εἴτε
1995 2215 2162 2305 παθητικάς
2170 2269 2180 2300 ,
2211 2215 2324 2306 ὀφείλει

621 2329 673 2389 τοῖνι
698 2328 777 2409 θῆτα
803 2318 1007 2410 ἀμετάβολον,
1031 2319 1263 2411 παροξύνονται,
1287 2321 1447 2412 κεκάρθαι,
1500 2318 1732 2410 παροξύνεσθαι,
1755 2319 1864 2390 καθότι
1885 2320 1922 2389 τά
1944 2309 2058 2397 effi
2075 2318 2208 2409 λήγοντα
2221 2318 2320 2408 ἀπαρ-

619 2427 766 2506 τετίλθαι,
790 2423 953 2513 ἐσπάρθαι.
994 2423 1065 2492 ἀλλ’
1091 2424 1155 2492 ἐπεὶ
1176 2425 1213 2492 τὰ
1234 2424 1449 2514 παραλήγοντα
1501 2428 1640 2512 ἐμφατα,
1664 2426 1775 2514 ἔχοντα
1797 2423 1853 2514 πρὸ
1875 2413 1973 2493 τοῦθ
1994 2421 2196 2514 ἀμετάβολον,
2225 2448 2324 2511 παρο-

620 2518 866 2616 τήῷσολλαβῇ
885 2525 1015 2595 Αἰολικά
1029 2531 1116 2608 εἰσιν,
1142 2526 1182 2604 ὡς
1198 2530 1362 2618 ἔφθορθαι,
1388 2533 1447 2617 με’-
1500 2525 1627 2608 Εόνεται,
1651 2525 1811 2617 κεκάρθαι,
1835 2530 1988 2610 τετέλθαι,
2012 2526 2174 2617 ἐσπάρθαι.
2221 2528 2321 2613 μίανέ)

622 2638 745 2720 μορθαι,
763 2635 903 2720 τέτορθαι
917 2630 1198 2721 προπαροξόνονται.
1223 2628 1295 2699 όθεν
1311 2631 1447 2721 ήπαρα-
1501 2635 1601 2718 με’ντοι
1623 2628 1762 2721 ἀφορμήν
1785 2629 1848 2719 ὁρῶ
1869 2638 1922 2699 τοδ
1939 2629 2088 2700 δόνασθαι
2101 2627 2324 2720 προπαροξύνε-

620 2734 755 2822 λήγουσα
780 2736 984 2825 λίολικοιτέρα
1006 2737 1079 2816 ἐστί,
1105 2734 1155 2801 καὶ
1177 2733 1193 2802 ό
1216 2733 1299 2812 τόνος
1322 2735 1444 2823 ὁμοίως.
1501 2739 1573 2802 σθαι
1587 2734 1621 2801 τδ
1636 2733 1835 2823 ἐγρήγορθαι,
1858 2734 1892 2801 τὸ
1914 2733 1951 2801 τά
1974 2738 2017 2810 εἰς
2040 2722 2096 2803 θάἶ
2115 2731 2263 2822 λήγοντα,
2287 2739 2324 2820 τῇ

1500 2827 1534 2926 ορ
1558 2841 1692 2927 συλλαβή
1716 2835 1972 2926 παραληγόμενα,
2005 2837 2046 2925 μή
2068 2835 2141 2927 παρ’
2168 2830 2246 2924 άλλη
2270 2836 2326 2902 τινὶ

1498 2944 1646 3031 διαλέκτῳ
1669 2939 1811 3030 δρᾶσθαι,
1836 2937 1855 3029 ἢ
1879 2941 2064 3030 τῇλέολίδι,
2088 2944 2240 3028 τέτορθαι,
2266 2942 2325 3025 μέ-

1499 3048 1622 3133 μορθαι,
1640 3047 1811 3134 ἐφθορθαι·
1831 3040 1902 3112 ὅθεν
1918 3043 1982 3111 ἐπεὶ
1996 3042 2016 3132 ἡ
2032 3043 2197 3133 παράληξις
2215 3043 2325 3110 Αἰολι-

1498 3150 1615 3236 κοιτέρα
1643 3151 1782 3235 ἐγένετο,
1813 3148 1863 3215 καὶ
1885 3146 1902 3215 δ
1924 3147 2008 3224 τόνος
2029 3145 2140 3233 ὁμοίως
2162 3151 2224 3222 τοῖς
2246 3173 2326 3234 προ-

1497 3253 1655 3338 κειμένοις.

708 3374 715 3409 ¹
720 3384 726 3436 ,ν
750 3372 956 3444 Ηααροξθνεοθοτ
974 3372 1120 3440 legendum
1139 3389 1210 3439 esse,
1231 3390 1286 3427 non
1307 3376 1348 3438 (ut
1366 3373 1394 3427 ἰο
1412 3374 1488 3442 vulg.
1503 3377 1555 3435 σοι]
1576 3372 1819 3447 προταροξθνεσθοι,
1840 3371 2015 3429 manifestum
2034 3376 2077 3428 eat
2095 3386 2201 3443 exseq.
2215 3387 2241 3426 ν.
2257 3371 2323 3424 11“.

622 3457 699 3526 Sylb.
738 3458 757 3522 ²)
777 3454 857 3514 Ησοο
871 3457 960 3513 verba
977 3457 1062 3514 habet
1078 3458 1139 3514 cod.
1156 3459 1190 3514 V.
1210 3464 1296 3529 atque
1314 3457 1500 3524 οεἰο1οτᾱὶοσ,
1519 3459 1545 3515 οἱ
1563 3458 1662 3515 Venet.
1677 3457 1713 3513 A.
1733 3458 1961 3528 οοτοριτονὶιιοτ,
1980 3475 2015 3515 αι
2032 3459 2061 3514 in
2078 3462 2184 3515 textum
2201 3456 2327 3527 recipere

620 3543 728 3599 debuit.
755 3541 792 3598 ο1.
814 3543 894 3599 Eunt.
916 3547 975 3610 190,
996 3548 1020 3598 2.
1058 3544 1201 3615 Sylburgii
1213 3544 1379 3613 Ιαοοίοοιααι
1394 3544 1515 3616 τττάρθαι
1531 3560 1582 3613 pro
1599 3545 1718 3615 τέτορθοι
1736 3544 1807 3599 levis
1825 3544 1944 3599 videtur.

1447 3805 1497 3866 11.
1959 3862 1967 3877 ,

901 3919 937 3984 Ε.
965 3918 1008 3985 11.
1037 3922 1108 4001 τοι,
1135 3924 1166 3986 8.
1745 3923 1783 3988 τ..
1808 3919 1928 3989 Herod.
1953 3918 1977 3986 Γ
2002 3922 2074 3987 128.

622 4039 700 4121 ,ἀπὸ
728 4043 838 4107 ἐθεν“;
872 4036 920 4104 ἐπὶ
947 4052 999 4127 της
1028 4041 1098 4105 ἕθεν
1128 4041 1237 4129 φασίν,
1268 4043 1296 4107 εἰ
1324 4041 1376 4127 μέν
1405 4044 1447 4116 εἰς
1502 4036 1573 4122 ,οὖς
1596 4043 1702 4108 ἐθεν“;
1728 4044 1901 4128 ἐγκλιτικῶς
1921 4037 2097 4127 ἀνεγνώσθη
2114 4038 2164 4105 διὰ
2179 4038 2211 4105 τὸ
2229 4066 2326 4127 μετα-

621 4142 733 4211 ἀπλοδν
749 4140 1020 4231 μεταλαμβάνοιτο,
1044 4147 1217 4231 ἐγκλιτικῶς
1233 4142 1447 4232 ἀναγινώσκειν
1501 4141 1739 4233 λαμβανόμενον,
1763 4144 1829 4209 ἐπεὶ
1850 4145 1892 4217 εἰς
1916 4139 2013 4229 ἀπλήν
2036 4139 2250 4232 ήμετάληψις,
2275 4137 2327 4220 οῧς

621 4250 684 4314 δεῖ·
724 4249 752 4314 εἰ
781 4248 814 4313 δὲ
842 4248 884 4321 εἰς
913 4242 1073 4328 σόνθετον,
1104 4245 1327 4336 όρθοτονητέον.
1378 4243 1448 4329 ,οός
1502 4246 1605 4334 αὐτῆς.
1644 4253 1729 4312 τοῦτο
1752 4246 1786 4310 δὲ
1808 4245 1857 4310 ἐπὶ
1878 4250 1931 4332 τῆς
1954 4246 2023 4311 ἕθεν
2040 4248 2144 4335 φασίν,
2168 4242 2215 4315 ότι
2229 4250 2257 4315 εἰ
2273 4249 2325 4335 μὲν

621 4354 690 4418 ἑθεν
719 4348 811 4417 εἵνεκ’
845 4351 998 4441 ἔπασχον“
1032 4388 1070 4398 -
1095 4350 1118 4415 Γ
1144 4355 1202 4418 128
1229 4392 1266 4400 —
1299 4352 1383 4432 ,ἐπεὶ
1413 4345 1449 4419 οό
1502 4352 1544 4425 εἰς
1574 4347 1670 4435 ἀπλῆν
1701 4345 1978 4437 μεταλαμβάνοιτο,
2013 4351 2187 4437 ἐγκλιτικῶς
2218 4349 2326 4438 ἀναγι-

621 4457 691 4521 ἑθέν
713 4456 776 4521 ἐστι
797 4454 944 4543 χερείων“
968 4453 1054 4519 -A
1073 4458 1133 4519 114
1153 4493 1203 4519 -.
1236 4451 1369 4528 όξόνεται
1390 4454 1448 4541 γάρ
1501 4452 1626 4518 νώσκειν
1650 4454 1712 4534 δεῖ,
1738 4454 1765 4519 εἰ
1788 4452 1822 4519 δὲ
1844 4455 1887 4527 εἰς
1909 4449 2071 4537 σόνθετον,
2099 4453 2322 4544 όρθοτονητέον.

621 4556 640 4645 ή
664 4556 699 4625 οὐ
723 4555 874 4646 ἀπόφασις
893 4559 935 4632 εἰς
951 4554 1050 4645 ἁπλῆν
1067 4556 1232 4646 μετάληψιν
1249 4555 1446 4642 ἀντωνομίας.
1502 4554 1548 4622 διὸ
1571 4553 1696 4622 κάκεῖνα
1719 4550 1812 4631 οὕτως
1827 4554 2003 4645 ἀνεγνώσθη
2028 4558 2113 4640 ,ἐπεὶ
2129 4552 2164 4625 οὔ
2179 4559 2247 4623 ἐθέν
2262 4558 2324 4620 ἐστι

621 4660 674 4728 ἐὰν
696 4659 754 4750 γάρ
776 4657 1038 4749 όρθοτονήσοιμεν,
1061 4661 1147 4727 ἔσται
1169 4658 1326 4735 σόνθετος·
1352 4655 1446 4734 οὕτως
1498 4661 1644 4748 χερείων“
1679 4698 1715 4708 -
1743 4661 1768 4725 Α
1795 4666 1854 4725 114
1881 4699 1919 4711 -
1958 4661 2010 4742 ,οἵ
2035 4665 2103 4729 ἑθεν
2132 4655 2320 4746 ότρόνοντος“

622 4765 684 4831 οἷον
717 4767 825 4845 ,σέθεν
856 4763 975 4831 εἵνεκα“
1002 4801 1040 4812 -
1067 4764 1093 4830 Π
1117 4768 1180 4829 539
1205 4801 1243 4812 -
1274 4762 1325 4830 καὶ
1346 4766 1447 4830 ἐκεῖνα
1500 4764 1728 4830 —0199-.
1768 4767 1865 4831 ἐκεῖνο
1882 4765 1915 4830 δέ
1929 4762 1997 4831 κατ’
2022 4760 2117 4853 ὀρθήν
2136 4758 2219 4826 τάσιν
2244 4753 2321 4836 ,ἀπὸ

621 4866 687 4934 κατ’
709 4865 802 4956 όρθήν
814 4865 915 4934 τάσιν·
935 4865 1013 4947 ,ἀπὸ
1026 4869 1095 4934 ἕθεν
1108 4860 1226 4933 ώσατο“
1244 4868 1444 4935 -Ζο2-.
1499 4870 1569 4934 ἕθεν
1593 4861 1692 4935 ώσατο
1714 4870 1814 4958 χειρ1“
1838 4906 1881 4917 -
1897 4866 1921 4933 Ζ
1938 4872 1979 4934 62
1994 4906 2046 4930 —.
2085 4860 2155 4931 ὅθεν
2178 4857 2321 4933 Σιδώνιος

621 4967 692 5039 ’όθεν
716 4969 732 5038 ‘0
756 4969 899 5046 Σιδώνιος
923 4974 1072 5059 μέμφεται
1089 4967 1292 5061 Ἀριστάρχῳ,
1326 4969 1366 5060 μή
1390 4975 1446 5060 ἐγ-
1500 4975 1648 5061 μέμφεται
1667 4968 1851 5061 Ἀριστάρχῳ
1873 4969 1915 5057 μή
1931 4972 2103 5058 ἐγκλιτικῶς
2119 4961 2276 5052 ἀναγνόντι
2290 4960 2322 5028 τὸ
2353 5038 2360 5047 ,

621 5081 760 5151 κλιτικῶς
782 5072 939 5162 ἀναγνόντι
960 5073 993 5140 τδ
1017 5069 1165 5162 ,πρόσθεν
1188 5077 1257 5143 ἕθεν
1277 5074 1445 5164 φεύγονταιι
1502 5074 1649 5165 ,πρόσθεν
1672 5079 1741 5144 ἕθεν
1764 5072 1933 5164 φεόγοντα“
1961 5111 1998 5125 -
2021 5070 2047 5139 E
2070 5073 2110 5138 80
2134 5108 2186 5135 -.
2223 5064 2322 5155 ήγάρ

621 5219 664 5229 -
680 5178 705 5245 Ε
718 5183 759 5245 80
774 5217 816 5226 -
832 5175 852 5267 ή
867 5177 925 5266 γὰρ
941 5174 1060 5245 διάνοια
1075 5174 1172 5268 ἁπλῆν
1189 5181 1266 5247 αἰτεῖ
1280 5177 1333 5267 τήν
1350 5177 1447 5268 μετά·
1500 5178 1619 5250 διάνοια
1641 5177 1737 5265 ἁπλῆν
1762 5180 1839 5245 αἰτεῖ
1859 5177 1913 5266 τήν
1938 5171 2115 5265 μιτάληψιν.

623 5288 712 5373 ληψιν
716 5331 867 5349 ......
