4950 6578
376 843 428 903 τοδ
451 842 529 912 σῶος
550 832 579 925 ἢ·
594 834 653 903 ἀπὸ
675 843 727 903 τοῦ
751 835 835 918 σάος,
859 833 932 928 ἵπερ
955 832 1094 925 ἄμεινον·
1119 842 1147 907 εί
1171 841 1203 906 δὲ
1255 842 1290 905 ἐκ
1311 845 1363 907 τοῦ
1387 837 1474 921 σύος,
1505 837 1576 927 ῶςί)
1604 838 1700 907 οἴεται
1722 836 1900 918 Φιλόξενος,
1929 833 1949 925 ἢ
1973 840 2007 903 ἐκ
2028 844 2082 903 τοδ

376 1047 414 1112 τὰ
435 1047 465 1119 ἐξ
487 1042 584 1119 ὀξείας
607 1045 658 1111 καί
681 1046 805 1134 βαρείας
826 1043 915 1114 πάλιν
939 1044 1128 1135 βαρύνονται.
1176 1050 1203 1113 εἰ
1256 1043 1411 1133 σπιύρενον
1435 1045 1511 1120 ἀξιοῖ
1534 1044 1605 1115 αὐτὸ
1628 1050 1663 1112 ἐκ
1684 1053 1737 1113 τοῦ
1761 1043 1855 1126 ζωός,
1887 1045 1960 1112 ἴστω
1981 1040 2027 1111 lu
2048 1041 2082 1111 τὸ

378 1150 478 1234 μέντοι
489 1149 584 1216 κλίνει
596 1145 680 1229 αύτύ,
700 1146 897 1238 ἰσοσύλλαβον
910 1148 1106 1238 εθρεθήσεται
1121 1201 1200 1217 ......
1257 1150 1309 1236 μὲν
1332 1151 1525 1239 προκείμενον
1548 1148 1710 1239 βαρύτονον
1728 1143 1779 1237 ἦν,
1801 1150 1889 1216 ἔνθεν
1904 1153 2084 1237 περιεσπᾶτο

1255 1252 1287 1320 τὸ
1311 1259 1386 1329 σῶς·
1412 1253 1445 1321 τδ
1469 1255 1502 1320 δὲ
1526 1252 1585 1329 (ok
1605 1256 1635 1328 le
1649 1252 1839 1340 ὀξυνομένου,
1863 1248 1905 1327 ὥς
1920 1279 2007 1342 φησι,
2029 1257 2082 1318 τοῶ

1256 1356 1333 1432 ζωός
1349 1356 1508 1446 γενόμενον
1526 1361 1571 1425 δεῖ
1585 1355 1709 1439 ὀξύνειν,
1732 1359 1876 1444 ἐγκλίνειν
1893 1357 1926 1423 δὲ
1941 1359 1973 1423 ἐν
1988 1352 2078 1442 ταύτῃ

1255 1468 1291 1549 τῇ
1316 1458 1497 1550 ἀναγνῶσει.
1532 1459 1552 1549 ἡ
1577 1464 1677 1549 μέντοι
1699 1462 1794 1535 κλίσις
1811 1458 1903 1528 αύτοῶ
1919 1457 2079 1526 ἰσοσύλλα-

1257 1567 1308 1652 βος
1331 1562 1454 1653 εὖρέθιγ.

464 1685 481 1748 ¹)
503 1684 539 1742 ὡς
556 1712 590 1721 -
609 1678 746 1746 Φιλόξενος
764 1700 818 1740 om.
839 1684 932 1757 Etym.
953 1690 983 1739 et
1000 1686 1146 1756 sequeutia
1164 1684 1316 1755 paullulum
1334 1687 1483 1742 contraxit,

1202 1894 1256 1958 28.

647 1993 686 2059 Ε.
711 1994 756 2060 Μ.
782 1996 855 2075 469,
883 1996 936 2058 52.
1506 1994 1543 2060 L.
1568 1993 1687 2062 Herod.
1712 1992 1738 2061 0
1762 1998 1836 2061 365.

380 2108 442 2193 ,ὥς
465 2114 503 2200 βα
526 2111 574 2193 σθ,
600 2107 650 2200 ἤϊε
672 2115 799 2202 Φοῖβε“.
824 2153 868 2162 -
890 2111 999 2180 0365
1021 2151 1065 2161 -
1090 2163 1097 2177 .
1125 2163 1133 2178 .
1161 2163 1168 2178 .
1196 2164 1202 2178 .
1261 2108 1366 2202 ,ἤϊείίι
1390 2111 1582 2203 Ἀρίσταρχος
1605 2112 1738 2196 δασύνει,
1763 2111 1822 2180 ἀπὸ
1843 2118 1896 2200 τῆς
1918 2113 2010 2185 ἵσεως
2024 2115 2085 2177 τῶν

375 2212 565 2305 Ἀρίσταρχος
581 2213 718 2284 δασύνει·
744 2216 809 2283 ἐπεί
831 2214 914 2304 παρὰ
935 2215 968 2283 τὸ
991 2216 1059 2303 ἵιγρι
1074 2217 1203 2304 ἐγένετο.
1260 2219 1367 2305 βελῶν.
1408 2221 1435 2284 οἱ
1460 2218 1493 2284 δὲ
1515 2217 1582 2309 περὶ
1599 2216 1649 2284 τὸν
1667 2214 1811 2306 Κράτητα
1827 2221 1933 2305 ψιλῶς,
1957 2211 2014 2280 ἀπὸ
2029 2220 2082 2300 τῆς

378 2318 437 2386 ἀπὸ
459 2318 518 2408 γὰρ
539 2326 593 2406 τῆς
617 2322 720 2395 ίέσεως
741 2327 801 2387 τῶν
818 2322 915 2409 βελῶν
932 2317 1049 2407 ἐκλήθη
1065 2316 1142 2408 ἧϊος.
1182 2337 1210 2400 οἱ
1264 2319 1382 2396 ἰάσεως.
1429 2321 1481 2387 καί
1510 2314 1603 2396 ούτως
1633 2321 1814 2408 ἐπείσθησαν
1836 2322 1866 2386 οἵ
1886 2313 2082 2407 γραμματικοί

380 2424 413 2489 δὲ
436 2428 588 2511 φιλοῦσιν,
622 2421 679 2490 ἀπὸ
708 2431 761 2511 τῆς
785 2420 903 2498 ἰάσεως.
952 2418 1074 2509 ἄμεινον
1098 2424 1131 2489 δὲ
1155 2432 1209 2512 ψι-
1261 2424 1334 2514 πρὸς
1365 2423 1507 2514 διάφορον
1536 2426 1730 2514 ἐτυρολογίαν
1755 2420 1907 2514 διαφόρως
1929 2416 2083 2508 ἀναγινώ-

380 2528 519 2594 λοῶσθαι.
552 2524 659 2617 τὸγὰρ
675 2535 694 2615 ἡ
710 2526 767 2617 πρὸ
784 2524 954 2616 φωνήεντος
970 2532 1130 2615 ψιλοδται.
1149 2580 1156 2593 .
1173 2578 1206 2593 ..
1263 2555 1353 2594 σκειν.
1401 2526 1542 2616 ἀγνοοῦσι
1572 2530 1605 2595 δὲ
1634 2525 1680 2595 δτι
1708 2525 1724 2595 δ
1753 2525 1910 2617 χαρακτὴρ
1934 2523 2083 2614 ροῖχεται·

1261 2629 1309 2697 ἀεί
1324 2630 1430 2720 γὰρτὸ
1445 2638 1465 2719 ἡ
1481 2630 1538 2721 πρὸ
1554 2630 1724 2720 φωνήεντος
1742 2636 1892 2720 ψιλοῶται,
1916 2626 1991 2716 ἠύς,
2015 2620 2082 2714 ἤϊα.

1258 2730 1352 2823 ταύτῃ
1375 2734 1427 2800 καί
1448 2732 1480 2801 τὸ
1506 2730 1579 2822 ,ἥτε
1601 2735 1702 2809 ξείνων
1725 2736 1811 2821 θέμις
1834 2733 1914 2800 ἐστίί*
1940 2770 1978 2783 -
1996 2758 2006 2798 ι
2021 2733 2087 2796 268

1261 2875 1298 2887 -
1324 2835 1496 2918 δασύνεται,
1519 2835 1553 2905 τὸ
1576 2839 1609 2904 δὲ
1631 2835 1705 2926 ν’,ύτε
1724 2842 1873 2926 ψιλοῶται.
1913 2831 2010 2902 καὶτὸ
2026 2836 2085 2908 ἵως

1259 2938 1437 3023 δασύνεται,
1468 2940 1501 3009 τὸ
1532 2943 1566 3009 δὲ
1588 2940 1652 3030 ἠύς
1675 2947 1824 3030 ψιλοῶται.
1870 2939 1922 3005 καί
1943 2937 1977 3004 τὸ
1999 2932 2085 3025 ἥλιος

1259 3042 1432 3127 δασύνεται,
1457 3044 1490 3112 τὸ
1514 3047 1547 3112 δὲ
1569 3044 1671 3134 ἠέλιος
1694 3041 1843 3134 ἐψιλύθη.
1884 3037 1960 3108 ῶστε
1975 3040 2035 3108 εἴτε
2050 3043 2086 3106 ἐκ

1258 3153 1311 3215 τοῶ
1340 3142 1407 3235 ἧϊος
1438 3152 1641 3236 δασυνομένου
1663 3147 1740 3216 ἐστίν
1763 3147 1822 3215 εἴτε
1844 3149 1878 3212 ἐκ
1899 3151 1951 3213 τοῦ
1974 3150 2085 3233 ψιλου-

1259 3254 1362 3338 μένου,
1388 3249 1485 3339 ρύνως
1509 3255 1665 3342 ψιλωτέον.

467 3369 620 3426 Ηοτυαίυοί
638 3370 866 3427 σδυοίοωουίυυι
883 3371 966 3426 valde
984 3370 1158 3427 documtum
1177 3377 1229 3427 εει.
1243 3335 1284 3411 ·-
1302 3374 1437 3430 bonulus
1453 3372 1490 3438 II,
1511 3377 1558 3428 185
1578 3375 1648 3430 hanc
1659 3374 1705 3429 Et.
1725 3377 1818 3429 notun
1837 3387 1854 3427 ο
1871 3370 1943 3426 Ιίίτιυ
1959 3368 2016 3439 περὶ
2032 3385 2084 3421 πα-

375 3453 684 3599 βρνωῐβρῶἰρερηρρίεί,
705 3456 755 3512 sed
772 3456 848 3527 quod
864 3458 901 3513 ad
919 3456 1034 3513 verbum
1053 3458 1196 3526 conspirat
1213 3473 1274 3513 οιυυ
1294 3459 1399 3516 οοίιοίὶο
1417 3461 1453 3515 ad
1471 3459 1493 3514 0
1513 3463 1578 3526 365,
1602 3460 1654 3523 hoc
1672 3459 1733 3515 Ιοοο
1750 3473 1807 3514 που
1824 3455 2003 3513 omittendam
2020 3466 2084 3508 σοιο

652 3817 691 3883 ll.
717 3817 760 3883 Μ.
785 3820 859 3900 436,
887 3822 940 3884 54.
1206 3719 1258 3781 29.
1394 3872 1396 3877 ,
1505 3820 1543 3886 L.
1568 3817 1686 3887 Herod.
1714 3815 1741 3882 B
1769 3823 1840 3884 154.

384 3934 460 4018 ,δπὸ
484 3932 515 4001 δ’
539 3930 650 4025 ᾕρεον”’
677 3935 821 4004 ...ἀπὸ
842 3942 895 4005 τοῦ
916 3940 1143 4025 περισπωμένου
1157 3937 1208 4003 καὶ
1263 3932 1411 4028 ,ᾕρεονίίε
1440 3931 1764 4028 δασυντέοντδῆρεον.
1797 3934 1855 4004 ἀπὸ
1871 3935 1929 4024 γὰρ
1942 3941 1994 4001 τοῦ
2010 3935 2088 4021 αίρῶ

384 4036 552 4107 δασύνεται.
1121 4046 1126 4055 ’
1261 4042 1488 4129 περισπωμένου
1510 4042 1561 4108 καί
1585 4043 1786 4127 δοσυνορένου
1808 4041 1940 4126 γέγονεν.

469 4160 505 4215 el.
526 4160 558 4216 L.
579 4160 682 4218 Herod.
701 4160 738 4216 ad
757 4160 778 4216 ll
798 4164 857 4217 οἷν.

1207 4338 1261 4399 30.

652 4437 691 4502 Ε.
716 4436 760 4502 Μ.
785 4438 860 4519 467,
886 4438 940 4500 23.
1516 4433 1553 4498 L.
1580 4432 1698 4500 Herod.
1726 4432 1758 4499 M
1781 4439 1834 4501 33.

387 4605 395 4620 .
423 4605 430 4619 .
460 4605 467 4620 .
495 4605 502 4620 .
534 4559 673 4643 ψιλοῶται
700 4552 733 4621 τὸ
764 4542 818 4635 sal,
850 4551 901 4620 καί
928 4556 1051 4631 ἑνικῶς,
1083 4551 1131 4617 ἐπί
1159 4556 1211 4617 τοῦ
1265 4550 1361 4630 ,ἵεν“.
1394 4544 1627 4640 ούτωςφίρουσι
1641 4551 1695 4641 τὴν
1710 4550 1848 4643 γραφήν,
1872 4540 1916 4619 [el
1930 4552 1972 4628 ὡς
1985 4554 2084 4619 τίθεν·

387 4653 509 4732 ύδατος·
536 4660 563 4725 εί
586 4659 619 4724 δὲ
642 4654 814 4738 δασύνεται,
840 4654 904 4723 σἰντί
925 4660 978 4722 τοδ
999 4654 1096 4721 ἵεσαν.
1135 4653 1211 4727 τινὲς
1263 4651 1314 4718 καί
1329 4652 1441 4739 γίνεται
1457 4651 1637 4743 οἰρφίβολον,
1660 4653 1783 4744 πότερον
1807 4651 1890 4722 αύτοί
1913 4657 1941 4720 οί
1959 4651 2085 4736 ποταμοί

388 4761 421 4827 δὲ
444 4756 522 4828 οἵτω
544 4763 668 4850 φέρουσι
690 4760 744 4848 τὴν
766 4758 886 4850 γραφὴν
908 4765 961 4825 τοῦ
980 4745 1035 4837 ὦ,
1060 4754 1101 4830 ῶς
1116 4758 1209 4824 τίθεν.
1263 4755 1320 4835 ἵεν,
1343 4754 1394 4822 ἵνα
1416 4762 1467 4822 τοῦ
1489 4756 1573 4825 ἵεσαν
1597 4757 1729 4846 συγκοπὴ
1746 4755 1879 4845 ύπάρχῃ,
1904 4752 1945 4828 ῶς
1960 4750 2018 4819 ἀπὸ
2033 4757 2086 4817 τοῦ

385 4864 437 4930 καί
459 4866 571 4952 γίνεται
593 4861 772 4954 ἀμφίβολον,
795 4859 920 4951 πότερον
940 4858 1024 4929 αύτοί
1041 4862 1069 4927 οί
1084 4860 1212 4947 ποταμοί
1264 4860 1401 4926 ἐτίθεσαν
1430 4858 1463 4927 τὸ
1492 4861 1608 4929 ἔτιθεν·
1642 4860 1693 4927 καί
1719 4861 1785 4925 δίον
1809 4855 1957 4923 δασύνειν.
2004 4857 2030 4922 εἰ
2054 4856 2086 4921 δὲ

384 4967 442 5049 ἵεν,
465 4968 516 5035 ἵνα
531 4969 591 5054 δκῑ)
618 4973 671 5035 τοῶ
684 4966 771 5034 ἵεσαν
786 4971 919 5052 συγκοτιῇ
937 4961 1072 5053 ύποῖρχγγ,
1097 4962 1138 5040 ῶς
1155 4962 1212 5030 ἀπὸ
1265 4952 1361 5030 ἑνικῶν
1384 4962 1432 5050 εἴη
1454 4962 1487 5031 τὸ
1505 4953 1552 5030 ὦ
1574 4958 1637 5029 ἀντί
1657 4965 1710 5025 τοῦ
1732 4955 1902 5046 ἐπορεύετο,
1927 4959 2085 5047 ψιλωτίον,

385 5078 438 5160 τοῦ
468 5072 605 5139 ἐτίθεσαν
633 5068 667 5136 τὸ
692 5071 803 5136 ὄπιθεν.
848 5067 901 5133 καί
924 5069 992 5135 δέον
1016 5064 1209 5135 δασύνεσθαι.
1264 5064 1376 5153 ὀμοίως
1402 5073 1446 5155 τῷ
1475 5060 1585 5147 ,ἆσσον
1616 5060 1659 5129 ἵεν
1687 5058 1879 5149 πολυκάρπου
1901 5060 2022 5149 οἰλωῇς66
2045 5101 2086 5111 -

387 5177 415 5241 εί
438 5175 472 5241 δὲ
495 5172 592 5241 ίνικδν
615 5171 662 5260 εἵη
684 5168 718 5237 τὸ
742 5160 785 5238 ὦ
809 5168 873 5237 ἆντί
894 5177 947 5238 τοῦ
962 5167 1132 5260 ἐπορεύετο,
1152 5179 1212 5259 ,ψι-
1265 5198 1290 5235 ω
1306 5175 1363 5236 221
1384 5209 1426 5219 —
1447 5164 1520 5255 ἵπερ
1542 5163 1578 5233 ού
1599 5162 1745 5233 πιθανόν·
1773 5162 1794 5252 ἡ
1819 5167 1918 5251 μέντοι
1940 5164 2024 5252 κοινὴ
2047 5163 2088 5231 ἵει

387 5283 503 5359 λοῦται,
528 5274 640 5363 δμοίως
662 5280 705 5363 τῷ
728 5268 840 5353 ,ἆσσον
863 5272 925 5340 ἴεν“
958 5314 996 5323 —-
1022 5302 1048 5339 ω
1071 5278 1131 5339 221
1155 5312 1208 5339 -.
1265 5272 1341 5340 ἐστίν
1364 5271 1473 5358 ὀμοίως
1494 5275 1538 5358 τῷ
1561 5271 1712 5356 ,λννίραρ
1735 5265 1764 5333 δ’
1785 5271 1816 5343 ἐς
1830 5273 1929 5358 τεῖχος
1943 5270 1984 5336 ἵει
1999 5266 2086 5357 llo&
